@book{agenda21,
  author={Anonymous},
  title = {Agenda 21 Earth Summit: United Nations Program of Action from Rio},
  publisher = {United Nations Publications},
  year = 1992,
  pages=294,
  ISBN = 9211005094,
}

@book{aitchison1986,
author = {Aitchison, J.},
year = {1986},
title = {The statistical analysis of compositional data},
publisher = {London, Chapman and Hall}, 
pages = {416}
}

@article{alfimov2009,
title = "How well do we understand production of 36Cl in limestone and dolomite?",
journal = "Quaternary Geochronology",
volume = "4",
number = "6",
pages = "462 - 474",
year = "2009",
note = "Advances in Cosmogenic Isotope Research from CRONUS-EU",
issn = "1871-1014",
doi = "DOI: 10.1016/j.quageo.2009.08.005",
author = "Vasily Alfimov and Susan Ivy-Ochs",
}

@Article{alpert2001,
   author = {{Alpert}, P. and {Ganor}, E.},
    title = "{Sahara mineral dust measurements from TOMS: 
Comparison to surface observations over the Middle East for the 
extreme dust storm, March 14-17, 1998}",
  journal = {Journal of Geophysical Research},
     year = 2001,
   volume = 106,
    pages = {18275-18286},
      doi = {10.1029/2000JD900366},
   adsurl = {http://adsabs.harvard.edu/abs/2001JGR...10618275A},
  adsnote = {Provided by the SAO/NASA Astrophysics Data System}
}

@Article{amidon2005, 
author={Amidon, W.  H. and  Burbank, D.   W. and Gehrels,  G. E.},
year=2005,
title={Construction of  detrital mineral populations:  insights from mixing
  of  {U}-{P}b  zircon  ages  in  {H}imalayan rivers},
journal={Basin  Research},
volume=17,
pages={463-485}}

@Article{amidon2008,
  author = 	 {Amidon, W.H. and Farley, K.A. and Burbank, D.W. and Pratt-Sitaula, B.},
  title =	 {Anomalous cosmogenic $^3${H}e production and elevation
                  scaling in the high {H}imalaya},
  journal = 	 {Earth and Planetary Science Letters},
  year = 	 2008,
  volume = 	 265,
  number = 	 {1-2},
  pages = 	 {287-301}}

@Article{amidon2009,
author= {Amidon, W.H. and Rood, D.H. and Farley, K.A.}, 
title = {Cosmogenic $^3${H}e and $^{21}${N}e production rates calibrated against
$^{10}${B}e in minerals from the {C}oso volcanic field}, 
journal = {Earth and Planetary Science Letters (in press)},
year = {2009}, 
doi = {10.1016/j.epsl.2009.01.031},
}

@Article{anderson1999,
   author = {{Anderson}, G. and {Johnson}, H.},
    title = "{A new statistical test for static stress triggering: 
Application to the 1987 Superstition Hills earthquake sequence}",
  journal = {Journal of Geophysical Research},
     year = 1999,
   volume = 104,
    pages = {20153-20168},
      doi = {10.1029/1999JB900200},
   adsurl = {http://adsabs.harvard.edu/abs/1999JGR...10420153A},
  adsnote = {Provided by the SAO/NASA Astrophysics Data System}
}

@article{armitage2007,
title = "Multiple phases of North African humidity recorded in lacustrine sediments from the Fazzan Basin, Libyan Sahara",
journal = "Quaternary Geochronology",
volume = "2",
number = "1-4",
pages = "181 - 186",
year = "2007",
note = "LED 2005, 11th International Conference on Luminescence and Electron Spin Resonance Dating",
issn = "1871-1014",
doi = "DOI: 10.1016/j.quageo.2006.05.019",
author = "S.J. Armitage and N.A. Drake and S. Stokes and A. El-Hawat and M.J. Salem and K. White and P. Turner and S.J. McLaren",
}

@ARTICLE{Bahcall1996,
   author = {{Bahcall}, J.~N. and {Calaprice}, F. and {McDonald}, A.~B. and 
	{Totsuka}, Y.},
    title = "{Solar neutrino experiments: The next generation}",
  journal = {Physics Today},
     year = 1996,
   volume = 49,
    pages = {30-38},
      doi = {10.1063/1.881501},
}


@ARTICLE{balco2009,
   author = {{Balco}, G. and {Shuster}, D.~L.},
    title = "{Production rate of cosmogenic ^{21}Ne in quartz 
estimated from ^{10}Be, ^{26}Al, and ^{21}Ne concentrations in 
slowly eroding Antarctic bedrock surfaces}",
  journal = {Earth and Planetary Science Letters},
     year = 2009,
   volume = 281,
    pages = {48-58},
      doi = {10.1016/j.epsl.2009.02.006},
}

@article{balogh2005,
author={Balogh, K. and Dunkl, I.},
year=2005,
title={Argon and fission track dating of Alpine metamorphism and basement
exhumation in the {S}opron {M}ts. ({E}astern {A}lps, {H}ungary):
thermochronology or mineral growth?},
journal={Mineralogy and Petrology},
volume={83},
pages={191-218},
doi={doi:10.1007/s00710-004-0066-0}
}

@Article{baur1980,
author={Baur, H.},
year={1980},
title={Numerische Simulation und praktische Erprobung einer 
rotationssymmetrischen Ionenquelle f\"{u}r Gasmassenspektrometer},
journal={Ph.D. Thesis, ETH-Z\"{u}rich},
volume={No. 6596}}

@Article{baur1999,
author= {Baur, H.},
year=1999,
title={A noble-gas mass spectrometer compressor source with two orders
of magnitude improvement in sensitivity},
journal={EOS, Transactions of the American Geophysical Union},
volume={80},
pages={F1118}}

@Article{becker2006, 
author={Becker, T. and Schreiber,  U. and Kampunzu, A.B. and Armstrong, R.},
year={2006},
title={Mesoproterozoic rocks  of {N}amibia and their  plate tectonic setting},
journal={Journal of African Earth Sciences},
volume={46},
pages={112-140}}
  
@Article{besler1980, 
author={Besler,  H.},
year=1980,
title={Die {d\"{u}}nen-{N}amib:  {E}ntstehung und dynamik eines  {E}rgs},
journal={{S}tuttgarter  {G}eographische  {S}tudien, {G}eographisches
  {I}nstitut der {U}niversit{\"{a}}t {S}tuttgart},
volume=96,
pages={145p.}}

@ARTICLE{berger1981,
   author = {{Berger}, G.~W. and {York}, D.},
    title = "{Geothermometry from $^{40}$Ar/$^{39}$Ar dating experiments}",
  journal = {Geochimica et Cosmochimica Acta},
     year = 1981,
   volume = 45,
    pages = {795-811},
      doi = {10.1016/0016-7037(81)90109-5},
}

@article{bierman2001,
author = {Bierman, Paul R. and Caffee, Marc},
title = {{Slow Rates of Rock Surface Erosion and 
Sediment Production across the Namib Desert and Escarpment, 
Southern Africa}},
journal = {Americal Journal of Science},
volume = {301},
number = {4-5},
pages = {326-358},
doi = {10.2475/ajs.301.4-5.326},
year = {2001},
}
  
@Article{bluck2007, 
author={Bluck, B. J. and Ward, J.  D. and Cartwright, J. and Swart, R.}, 
year=2007,
title={The  {O}range  {R}iver,  southern   {A}frica:  an  extreme  example  of  a
  wave-dominated  sediment  dispersal  system  in the  {S}outh  {A}tlantic
  {O}cean}, 
journal={Journal of the Geological Society}, 
volume=164,
pages={341-351}}

@Incollection{breed1979, 
author={Breed, C.S. and Fryberger, S.G. and Andrews, S. and McCauley, C.
and Lennartz, F. and Gebel, D. and Horstman, K.},  
year=1979, 
title={Regional studies of sand seas using {L}andsat ({ERTS}) imagery},
booktitle={A Study of Global Sand Seas, {USGS} {P}rofessional {P}aper 1052},
editor={McKee, E.D.}, 
pages={346-355},
publisher={{United States Geological Survey}}
}

@Article{bristow2007, 
author={Bristow, C. S. and Duller, G.  A. T. and Lancaster, N.}, 
year=2007,
title={Age and dynamics  of linear dunes in  the {N}amib {D}esert},  
journal={Geology},
volume=35,
pages={555-558}}

@article{bristow2005,
author={Bristow, C. S. and Lancaster, N. and Duller, G. A. T.},
title="{Combining ground penetrating radar surveys and optical 
dating to determine dune migration in Namibia}",
journal={Journal of the Geological Society},
year=2005,
volume=162,
issue=2,
pages={315-321},
doi={10.1144/0016-764903-120}}

@Article{bristow2000,
author={Bristow, C.S. and Balley, S.D. and Lancaster, N.},
year={2000},
title={The sedimentary structure of linear sand dunes},
journal={Nature},
volume={406},
pages={56-59}}

@Article{brown2000,
author={Brown, E. T. and Trull, T. W. and Jean-Baptiste, P. and Raisbeck, G. and Bourl\`{e}s, D.
and Yiou, F. and Marty, B.},
year={2000},
title={Determination of cosmogenic production rates of $^{10}${B}e, $^{3}${H}e and $^3${H} in water},
journal={Nuclear Instruments and Methods in Physics Research Section B},
volume={172}, 
issue={1-4}, 
pages={873-883}}

@ARTICLE{campbell2005,
   author = {{Campbell}, I.~H. and {Reiners}, P.~W. and {Allen}, C.~M. and 
	{Nicolescu}, S. and {Upadhyay}, R.},
    title = "{He-Pb double dating of detrital zircons from the Ganges and Indus Rivers: Implication for quantifying sediment recycling and provenance studies}",
  journal = {Earth and Planetary Science Letters},
     year = 2005,
    month = sep,
   volume = 237,
    pages = {402-432},
      doi = {10.1016/j.epsl.2005.06.043},
   adsurl = {http://adsabs.harvard.edu/abs/2005E%26PSL.237..402C},
  adsnote = {Provided by the SAO/NASA Astrophysics Data System}
}

@ARTICLE{Nemchin2005,
   author = {{Nemchin}, A.~A. and {Cawood}, P.~A.},
    title = "{Discordance of the U Pb system in detrital zircons: 
Implication for provenance studies of sedimentary rocks}",
  journal = {Sedimentary Geology},
     year = 2005,
    month = dec,
   volume = 182,
    pages = {143-162},
      doi = {10.1016/j.sedgeo.2005.07.011},
}

@Article{cerling1994,
   author = {{Cerling}, T.~E. and {Craig}, H.},
    title = "{Geomorphology and In-Situ Cosmogenic Isotopes}",
  journal = {Annual Review of Earth and Planetary Sciences},
     year = 1994,
   volume = 22,
    pages = {273-317},
      doi = {10.1146/annurev.ea.22.050194.001421},
   adsurl = {http://adsabs.harvard.edu/abs/1994AREPS..22..273C},
  adsnote = {Provided by the SAO/NASA Astrophysics Data System}
}

@Article{chappell2008,
   author = {{Chappell}, A. and {Warren}, A. and {O'Donoghue}, A. and {Robinson}, A. and 
	{Thomas}, A. and {Bristow}, C.},
    title = "{The implications for dust emission modeling of spatial and vertical variations in 
horizontal dust flux and particle size in the Bod{\'e}l{\'e} Depression, Northern Chad}",
  journal = {Journal of Geophysical Research (Atmospheres)},
 keywords = {Atmospheric Composition and Structure: Aerosols and particles (0345, 4801, 4906), 
Atmospheric Processes: Land/atmosphere interactions (1218, 1631, 1843), Atmospheric Processes: Radiative processes, 
Geographic Location: Africa},
     year = 2008,
    month = feb,
   volume = 113,
   number = D12,
    pages = {D04214},
      doi = {10.1029/2007JD009032},
   adsurl = {http://adsabs.harvard.edu/abs/2008JGRD..11304214C},
  adsnote = {Provided by the SAO/NASA Astrophysics Data System}
}

@ARTICLE{chmeleff2010,
   author = {{Chmeleff}, J. and {von Blanckenburg}, F. and 
{Kossert}, K. and 
	{Jakob}, D.},
    title = "{Determination of the $^{10}$Be half-life by multicollector 
ICP-MS and liquid scintillation counting}",
  journal = {Nuclear Instruments and Methods in Physics Research B},
     year = 2010,
    month = jan,
   volume = 268,
    pages = {192-199},
      doi = {10.1016/j.nimb.2009.09.012},
}

@Article{compton2007, 
author={Compton, J.S. and Maake, L.}, 
year={2007},
title={Source of the suspended load
  of the  upper {O}range {R}iver,  {S}outh {A}frica}, 
journal={South African  Journal of Geology}, 
volume={110},
pages={339-348}}
  
@Article{degraaffsurpless2003, 
author={DeGraaff-Surpless,   K. and  Mahoney,   J.  B. and  Wooden,   J.  L. and
  McWilliams,  M. O.},  
year={2003},
title={Lithofacies control  in detrital  zircon
  provenance  studies:  {I}nsights  from  the {C}retaceous  {M}ethow  basin,
  southern   {C}anadian  {C}ordillera},   
journal={Geological  Society   of  America  Bulletin}, 
volume={115}, 
pages={899-915}}

@ARTICLE{demenocal2000,
   author = {{Demenocal}, P.},
    title = "{Abrupt onset and termination of the African Humid Period: rapid climate responses to gradual insolation forcing}",
  journal = {Quaternary Science Reviews},
     year = 2000,
    month = jan,
   volume = 19,
    pages = {347-361},
      doi = {10.1016/S0277-3791(99)00081-5},
   adsurl = {http://adsabs.harvard.edu/abs/2000QSRv...19..347D},
  adsnote = {Provided by the SAO/NASA Astrophysics Data System}
}

@Article{denoblet2000,
   author = {{de Noblet-Ducoudr{\'e}}, N. and {Claussen}, M. and {Prentice}, C.},
    title = "{Mid-Holocene greening of the Sahara: first results of the GAIM 6000 year BP 
              Experiment with two asynchronously coupled atmosphere/biome models}",
  journal = {Climate Dynamics},
     year = 2000,
   volume = 16,
    pages = {643-659},
      doi = {10.1007/s003820000074},
   adsurl = {http://adsabs.harvard.edu/abs/2000ClDy...16..643D},
  adsnote = {Provided by the SAO/NASA Astrophysics Data System}
}

@Article{desilets2003,
  author = 	 {Desilets, D. and Zreda, M.},
  title = 	 {Spatial and temporal distribution of
secondary cosmic-ray nucleon intensities and applications to
in situ cosmogenic dating},
  journal = 	 {Earth and Planetary Science Letters},
  year = 	 {2003},
  OPTvolume = 	 {206},
  OPTpages = 	 {21-42},
}

@Article{desilets2006a,
   author = {{Desilets}, D. and {Zreda}, M. and {Prabu}, T.},
    title = "{Extended scaling factors for in situ cosmogenic nuclides: New measurements at low latitude}",
  journal = {Earth and Planetary Science Letters},
     year = 2006,
   volume = 246,
    pages = {265-276},
      doi = {10.1016/j.epsl.2006.03.051},
   adsurl = {http://adsabs.harvard.edu/abs/2006E%26PSL.246..265D},
  adsnote = {Provided by the SAO/NASA Astrophysics Data System}
}

@Article{desilets2006b,
  author = 	 {Desilets, D. and Zreda, M.},
  title = 	 {Elevation dependence of cosmogenic $^{36}${C}l production in {H}awaiian lava flows},
  journal = 	 {Earth and Planetary Science Letters},
  year = 	 2006,
  volume =	 246,
  pages =	 {277-287}
}

@Article{devilliers2000, 
author={de  Villiers, S. and  Compton, J. S. and  and Lavelle, M.},  
year={2000},
title={The strontium isotope systematics of  the {O}range {R}iver, {S}outhern {A}frica},
journal={South African Journal of Geology}, 
volume={103}, 
pages={237-248}}

@Article{dickinson1994,
author={Dickinson, W. W. and Ward, J. D.},
year=1994,
title={Low depositional porosity in eolian sands and sandstones, Namib desert},
journal={Journal of Sedimentary Research},
volume={A64},
issue=2,
pages = {226-232},
}

@Article{dickinson2003, 
author={Dickinson, W.  R. and Gehrels,  G.  E.}, 
year={2003},
title={U-{P}b ages  of
  detrital zircons from {P}ermian  and {J}urassic eolian sandstones of the
  {C}olorado  {P}lateau,  {USA}:  paleogeographic implications},  
journal={Sedimentary Geology}, 
volume={163}, 
pages={29-66}}

@ARTICLE{dockhorn1991,
   author = {{Dockhorn}, B. and {Neumaier}, S. and {Hartmann}, F.~J. and 
	{Petitjean}, C. and {Faestermann}, H. and {Korschinek}, G. and 
	{Morinaga}, H. and {Nolte}, E.},
    title = "{Determination of erosion rates with cosmic ray produced$^{36}$Cl}",
  journal = {Zeitschrift fur Physik A Hadrons and Nuclei},
 keywords = {91.00, 23.40, 28.20.Fc},
     year = 1991,
   volume = 341,
    pages = {117-119},
      doi = {10.1007/BF01281283},
}

@ARTICLE{dodson1973,
   author = {{Dodson}, M.~H.},
    title = "{Closure temperature in cooling geochronological and 
petrological systems}",
  journal = {Contributions to Mineralogy and Petrology},
     year = 1973,
   volume = 40,
    pages = {259-274},
      doi = {10.1007/BF00373790},
}

@Article{drake2006, 
author={Drake,  N. and  Bristow, C.}, 
year={2006},
title={Shorelines in the {S}ahara:  geomorphological evidence for an  enhanced monsoon from
  palaeolake {M}egachad},
journal={The Holocene}, 
volume={16}, 
pages={901-911}}

@Article{drake2008,
author={Drake, N.A. and El-Hawat, A.S. and Salem M.J.}, 
year = {2008},
title="{The Development, Decline and Demise of the As Sahabi River System over the 
Last Seven Million Years}", 
journal="{Garyounis Scientific Bulletin}",
number={Special Issue 5}, 
pages={95-109}
}

@Article{dunai2000,
author={Dunai, T.J.},
year=2000,
title={Scaling factors for production rates of in situ produced cosmogenic nuclides:
a critical reevaluation},
journal={Earth and Planetary Science Letters},
volume=176,
pages={157-169}}

@Article{dunai2000b,
   author = {{Dunai}, T.~J. and {Wijbrans}, J.~R.},
    title = "{Long-term cosmogenic $^{3}$He production rates (152 ka-1.35 Ma) 
from $^{40}$Ar/$^{39}$Ar dated basalt flows at 29{$^{\circ}$}N latitude}",
  journal = {Earth and Planetary Science Letters},
     year = 2000,
    month = feb,
   volume = 176,
    pages = {147-156},
      doi = {10.1016/S0012-821X(99)00308-8},
   adsurl = {http://adsabs.harvard.edu/abs/2000E%26PSL.176..147D},
  adsnote = {Provided by the SAO/NASA Astrophysics Data System}
}

@Article{dunai2001,
  author = 	 {Dunai, T.J.},
  title = 	 {Influence of secular variation of the geomagnetic field on
production rates of in situ produced cosmogenic nuclides},
  journal = 	 {Earth and Planetary Science Letters},
  year = 	 {2001},
  volume = 	 {193},
  pages = 	 {197-212},
}

@ARTICLE{dunai2005,
   author = {{Dunai}, T.~J. and {Gonz{\'a}lez L{\'o}pez}, G.~A. and {Juez-Larr{\'e}}, J.},
    title = "{Oligocene Miocene age of aridity in the Atacama Desert revealed 
by exposure dating of erosion-sensitive landforms}",
  journal = {Geology},
     year = 2005,
    month = apr,
   volume = 33,
    pages = {321-324},
      doi = {10.1130/G21184.1},
   adsurl = {http://adsabs.harvard.edu/abs/2005Geo....33..321D},
  adsnote = {Provided by the SAO/NASA Astrophysics Data System}
}

@ARTICLE{eberhardt1965,
   author = {{Eberhardt}, P. and {Eugster}, O. and {Marti}, K.},
    title = "{A Redetermination of the Isotopic Composition of Atmospheric Neon}",
  journal = {Zeitschrift Naturforschung Teil A},
     year = 1965,
   volume = 20,
    pages = {623-4},
}

@Article{elbelrhiti2005,
   author = {{Elbelrhiti}, H. and {Claudin}, P. and {Andreotti}, B.},
    title = "{Field evidence for surface-wave-induced instability of sand dunes}",
  journal = {Nature},
     year = 2005,
    month = sep,
   volume = 437,
    pages = {720-723},
      doi = {10.1038/nature04058},
   adsurl = {http://adsabs.harvard.edu/abs/2005Natur.437..720E},
  adsnote = {Provided by the SAO/NASA Astrophysics Data System}
}

@book{embabi2004,
author={Embabi, N. S.},
year=2004,
title="{Vol. 1, the Nile valley and the Western Desert}",
series="{The Geomorphology of Egypt, Landform and Evolution}",
publisher="{The Egyptian Geographical Society Special Publication}",
pages={447}
}

@article{engelstaedter2006,
author = "Engelstaedter, S. and Tegen, I. and Washington, R.",
title = "North African dust emissions and transport",
journal = "Earth-Science Reviews",
volume = "79",
number = "1-2",
pages = "73 - 100",
year = "2006",
note = "",
issn = "0012-8252",
doi = "DOI: 10.1016/j.earscirev.2006.06.004",
url = "http://www.sciencedirect.com/science/article/B6V62-4KSD898-1/2/e725c6474b1848c9787b8b259dc59c8d",
}

@article{falkowski1998,
author = {Falkowski, Paul G. and Barber, Richard T. and Smetacek, Victor},
title = {{Biogeochemical Controls and Feedbacks on Ocean Primary Production}},
journal = {Science},
volume = {281},
number = {5374},
pages = {200-206},
doi = {10.1126/science.281.5374.200},
year = {1998},
URL = {http://www.sciencemag.org/cgi/content/abstract/281/5374/200},
eprint = {http://www.sciencemag.org/cgi/reprint/281/5374/200.pdf}
}

@article{fedo2003,
author={Fedo, C.M. and Sircombe, K.N. and Rainbird R.H.},
title={Detrital zircon analysis of the sedimentary record},
year=2003,
journal={Reviews in mineralogy and geochemistry},
volume=53,
pages={277-303}
}

@Article{feller1948, 
author={Feller,  W.}, 
year={1948}, 
title={On the {K}olmogorov-{S}mirnov  limit theorems for
  empirical distributions},  
journal={The Annals of  Mathematical Statistics}, 
volume={19},
pages={177-189}}

@article{fink2007,
   author = {{Fink}, D. and {Smith}, A.},
    title = "{An inter-comparison of $^{10}$Be and $^{26}$Al 
AMS reference standards and the $^{10}$Be half-life}",
  journal = {Nuclear Instruments and Methods in Physics Research B},
 keywords = {Mass spectrometers},
     year = 2007,
    month = jun,
   volume = 259,
    pages = {600-609},
      doi = {10.1016/j.nimb.2007.01.299},
}

@ARTICLE{fitzgerald1993,
   author = {{Fitz Gerald}, J.~D. and {Harrison}, T.~M.},
     year = 1993,
    title = "{Argon diffusion domains in K-feldspar I: microstructures in MH-10}",
  journal = {Contributions to Mineralogy and Petrology},
   volume = 113,
    pages = {367-380},
      doi = {10.1007/BF00286928},
}

@Article{fitzgerald2006,
author = {Fitzgerald, P. G.  and Baldwin, S. L. and Webb, L. E. and O'Sullivan, P. B.},
year = 2006,
title = "{Interpretation of (U-Th)/He single grain ages from slowly cooled crustal 
terranes: A case study from the Transantarctic Mountains of southern Victoria Land.}",
journal = {Chemical Geology},
volume = {225}, 
pages = {91-120}
}

@ARTICLE{foland1974,
   author = {{Foland}, K.~A.},
    title = "{Ar$^{40}$ diffusion in homogenous orthoclase and an interpretation of Ar diffusion in K-feldspars}",
  journal = {Geochimica et Cosmochimica Acta},
     year = 1974,
   volume = 38,
    pages = {151-166},
      doi = {10.1016/0016-7037(74)90200-2},
}

@Article{folk1976, 
author={Folk, R.L.}, 
year={1976},  
title={Reddening of  desert sands:  {S}impson {D}esert,
  {N}orthern {T}erritory, {A}ustralia}, 
journal={Journal of Sedimentary Petrology}, 
volume={46}, 
pages={604-615}}

@article{forman2001,
author={Forman, S.L. and Oglesby, R. and Webb, R.S.},
year={2001},
title="{Temporal and spatial patterns of Holocene dune activity 
on the Great Plains of North America: megadroughts and climate links}",
journal={Global and Planetary Change},
volume={29},
pages={1-29}
} 

@ARTICLE{freedman1976,
   author = {{Freedman}, M.~S. and {Stevens}, C.~M. and {Horwitz}, E.~P. and 
	{Fuchs}, L.~H. and {Lerner}, J.~L. and {Goodman}, L.~S. and 
	{Childs}, W.~J. and {Hessler}, J.},
    title = "{Solar neutrinos - Proposal for a new test}",
  journal = {Science},
     year = 1976,
   volume = 193,
    pages = {1117-1119},
      doi = {10.1126/science.193.4258.1117},
}

@article{freeman2007,
author={Freeman, S. P. H. T. and  Bishop, P. and Bryant, C. and
Cook, G. and Dougans, D. and Ertunc, T. and Fallick, A. and Ganeshram, R. and
Maden, C. and Naysmith, P. and Schnabel, C. and Scott, M. and 
Summerfield, M. and Xu, S.},
year={2007}, 
title={{T}he {SUERC} {AMS} laboratory after 3 years},
journal={Nuclear Instruments and Methods in Physics Research},
volume={B259},
pages={66-70}} 

@article{freeman2004,
author={Freeman, S. P. H. T. and Bishop, P. and Bryant, C. and 
Cook, G. and Fallick, A. and Harkness, D. and Metcalfe, S. and 
Scott, M. and Scott, R. and Summerfield, M.}, 
year={2004}, 
title={A new environmental sciences {AMS} laboratory in {S}cotland},
journal={Nuclear Instruments and Methods},
volume={B31},
pages={223–224}}
  
@Article{froude1983, 
author={Froude,  D.O. and  Ireland,  T.R. and Kinny,  P.D. and  Williams,  I.S. and
  Compston W.},  
year={1983},  
title={Ion microprobe identification  of 4100-4200 {M}yr
  old terrestrial zircons}, 
journal={Nature}, 
volume={304}, 
pages={616-618}}
  
@Article{fryberger1979, 
author={Fryberger, S.G. and  Ahlbrandt,  T.S.}, 
year={1979},   
title={Mechanisms for  the formation of sand seas},
journal={Zeitschrift f{\"{u}}r {G}eomorphologie}, 
volume={23}, 
pages={440-460}}

@Article{galbraith1990a,
author={Galbraith, R. F.}, 
year={1990},
title={The radial plot: graphical assessment of spread in ages}, 
journal={Nuclear Tracks and Radiation Measurements}, 
volume=17, 
pages={207-214}
}

@Article{galbraith1990b,
author = {Galbraith, R. F. and Green, P. F.}, 
year = {1990},
title = {Estimating the component ages in a finite mixture}, 
journal = {Nuclear Tracks and Radiation Measurements}, 
volume = 17, 
pages = {197-206}
}

@Article{galbraith1998, 
author={Galbraith,  R.F.},   
year={1998},  
title={The  trouble  with
  ``probability density'' plots of fission track ages}, 
volume={29}, 
journal={Radiation Measurements},
pages={125-131.}}

@Article{garzanti2006,
   author = {{Garzanti}, E. and {And{\`o}}, S. and {Vezzoli}, G. and {Ali Abdel Megid}, A. and 
	{El Kammar}, A.},
    title = "{Petrology of Nile River sands (Ethiopia and Sudan): Sediment budgets and erosion patterns}",
  journal = {Earth and Planetary Science Letters},
     year = 2006,
    month = dec,
   volume = 252,
    pages = {327-341},
      doi = {10.1016/j.epsl.2006.10.001},
   adsurl = {http://adsabs.harvard.edu/abs/2006E%26PSL.252..327G},
  adsnote = {Provided by the SAO/NASA Astrophysics Data System}
}

@Incollection{garzanti2007, 
author={Garzanti,  E.  and And{\`{o}}, S.}, 
year={2007},
editor={Mange, M. and Wright, D.},
booktitle={Heavy Minerals in Use, {D}evelopments in {S}edimentology {S}eries 58}, 
title={Heavy-mineral concentration in
  modern  sands: implications  for provenance  interpretation},
publisher={Elsevier, Amsterdam}, 
pages={517-545}}

@Article{gaven1981,
   author = {{Gaven}, C. and {Hillaire-Marcel}, C. and {Petit-Maire}, N.},
    title = "{A Pleistocene lacustrine episode in southeastern Libya}",
  journal = {Nature},
     year = 1981,
    month = mar,
   volume = 290,
    pages = {131-133},
      doi = {10.1038/290131a0},
   adsurl = {http://adsabs.harvard.edu/abs/1981Natur.290..131G},
  adsnote = {Provided by the SAO/NASA Astrophysics Data System}
}
  
@Article{geyer2005, 
author={Geyer,   G.},  
year={2005},  
title={The   {F}ish  {R}iver  {S}ubgroup   in  {N}amibia:
  stratigraphy, depositional environments and the {P}roterozoic-{C}ambrian
  boundary problem revisited}, 
journal={Geological Magazine},
volume={142},
pages={465-498}}

@Article{giles2005,
author = {Giles, J.}, 
year={2005},
title={The dustiest place on earth}, 
journal={Nature},
volume={434}, 
pages={816-819}}

@Article{goethals2009,
author = {Goethals, M. M. and Hetzel, R. and Niedermann, S. and Wittmann, H. 
          and Fenton, C. R. and Christl, M. and Kubik, P. W. and von Blanckenburg F.},
title = {An accurate experimental determination of cosmogenic $^{10}${B}e/$^{21}${N}e 
         and $^{26}${A}l/$^{21}${N}e production ratios in quartz},
journal = {Earth and Planetary Science Letters},
pages = {(in revision)},
year = 	 {2009}
}

@Incollection{gower1997, 
author={Gower,  J.  C.},   
year={1997},  
booktitle={Encyclopedia of {B}iostatistics},
editor={P. Armitage and T. Colton. J. A.},
title={Principal  coordinates  analysis},
publisher={Wiley},
pages={3514-3518}}

@Article{graf1996,
author={Graf, T. and Marti, K. and Wiens, R.C.}, 
year={1996},
title={The $^{21}${N}e production rate in a {S}i target at mountain altitudes},
journal={Radiocarbon},
volume={38},
issue={1},
pages={155}}

@Article{graham2000,
author={Graham, I. J. and Barry, B. J. and Ditchburn, R. G. and Whitehead, N. E.}, 
year={2000},
title={Validation of cosmogenic nuclide production rate scaling factors through direct measurement},
journal={Nuclear Instruments and Methods in Physics Research Section B}, 
volume={172},
issue={1-4},
pages={802-805}}

@ARTICLE{granger1996,
   author = {{Granger}, D.~E. and {Kirchner}, J.~W. and {Finkel}, R.},
    title = "{Spatially Averaged Long-Term Erosion Rates Measured from in Situ-Produced Cosmogenic Nuclides in Alluvial Sediment}",
  journal = {Journal of Geology},
     year = 1996,
   volume = 104,
    pages = {249-257},
      doi = {10.1086/629823},
}

@Article{griffin2002,
author={Griffin, D. L.},
title={Aridity and humidity: two aspects of the late Miocene climate
of North Africa and the Mediterranean},
journal={Palaeogeography, Palaeoclimatology, Palaeoecology},
year={2002},
volume={182},
pages={65-91}}

@Article{griffin2006,
author={Griffin, D. L.},
title={The late Neogene Sahabi rivers of the Sahara and their climatic and environmental
implications for the Chad Basin},
journal={Journal of the Geological Society},
year={2006},
volume={163},
issue=6,
pages={905-921},
doi={doi:10.1144/0016-76492005-049}}

@article{grimberg2006,
author = {Grimberg, A. and Baur, H. and Bochsler, P. and Buhler, F. and Burnett, D. S. and Hays, C. C. and Heber, V. S. and Jurewicz, A. J. G. and Wieler, R.},
title = {{Solar Wind Neon from Genesis: Implications for the Lunar Noble Gas Record}},
journal = {Science},
volume = 314,
number = 5802,
pages = {1133-1135},
doi = {10.1126/science.1133568},
year = 2006,
}

@ARTICLE{harrison1980,
   author = {{Harrison}, T.~M. and {McDougall}, I.},
    title = "{Investigations of an intrusive contact, northwest Nelson, 
 New Zealand--I. Thermal, chronological and isotopic constraints}",
  journal = {Geochimica et Cosmochimica Acta},
     year = 1980,
   volume = 44,
    pages = {1985-2003},
      doi = {10.1016/0016-7037(80)90198-2},
}

@Article{hartnady1985, 
author={Hartnady,  C. and  Joubert,   P. and  Stowe,  C.},  
year={1985},  
title={Proterozoic evolution in {S}outhwestern {A}frica}, 
journal={Episodes}, 
volume={8}, 
pages={236-244}}

@Book{hastie2001, 
author={Hastie, T. and  Tibshirani, R. and Friedman, J.}, 
year={2001},
title={The elements of  statistical learning},  
series={Springer  Series in  Statistics},
publisher={Springer Verlag, Berlin}, 
pages={533p.}}

@article{heber2009,
   author = {{Heber}, V.~S. and {Wieler}, R. and {Baur}, H. and 
{Olinger}, C. and {Friedmann}, T.~A. and {Burnett}, D.~S.},
    title = "{Noble gas composition of the solar wind as 
collected by the Genesis mission}",
  journal = {Geochimica et Cosmochimica Acta},
     year = 2009,
   volume = 73,
    pages = {7414-7432},
}

@Article{herman1997,
   author = {{Herman}, J.~R. and {Bhartia}, P.~K. and {Torres}, O. and {Hsu}, C. and 
	{Seftor}, C. and {Celarier}, E.},
    title = "{Global distribution of UV-absorbing aerosols from Nimbus 7/TOMS data}",
  journal = {Journal of Geophysical Research},
 keywords = {Atmospheric Composition and Structure: General or miscellaneous},
     year = 1997,
    month = jul,
   volume = 102,
    pages = {16911-16922},
      doi = {10.1029/96JD03680},
   adsurl = {http://adsabs.harvard.edu/abs/1997JGR...10216911H},
  adsnote = {Provided by the SAO/NASA Astrophysics Data System}
}

@ARTICLE{hofmann1987,
   author = {{Hofmann}, H.~J. and {Beer}, J. and {Bonani}, G. and 
{von Gunten}, H.~R. and {Raman}, S. and {Suter}, M. and 
{Walker}, R.~L. and {W{\"o}lfli}, W. and 
	{Zimmermann}, D.},
    title = "{^{10}Be: Half-life and AMS-standards}",
  journal = {Nuclear Instruments and Methods in Physics Research B},
     year = 1987,
    month = nov,
   volume = 29,
    pages = {32-36},
      doi = {10.1016/0168-583X(87)90198-4},
}

@article{hormes2001,
author = {Hormes, Anne and Muller, Benjamin U. and Schluchter, Christian},
title = {{The Alps with little ice: evidence for eight Holocene phases of reduced
glacier extent in the Central Swiss Alps}},
journal = {The Holocene},
volume = {11},
number = {3},
pages = {255-265},
doi = {10.1191/095968301675275728},
year = {2001}}

@ARTICLE{house1998,
   author = {{House}, M.~A. and {Wernicke}, B.~P. and {Farley}, K.~A.},
    title = "{Dating topography of the Sierra Nevada, California, using apatite (U-Th)/He ages}",
  journal = {Nature},
     year = 1998,
   volume = 396,
    pages = {66-69},
      doi = {10.1038/23926},
}

@ARTICLE{house2000,
   author = {{House}, M.~A. and {Farley}, K.~A. and {Stockli}, D.},
    title = "{Helium chronometry of apatite and titanite using Nd-YAG laser heating}",
  journal = {Earth and Planetary Science Letters},
     year = 2000,
    month = dec,
   volume = 183,
    pages = {365-368},
      doi = {10.1016/S0012-821X(00)00286-7},
   adsurl = {http://adsabs.harvard.edu/abs/2000E%26PSL.183..365H},
  adsnote = {Provided by the SAO/NASA Astrophysics Data System}
}

@ARTICLE{hsu2004,
   author = {{Hsu}, N.~C. and {Tsay}, S.-C. and {King}, M.~D. and {Herman}, J.~R.
	},
    title = "{Aerosol Properties Over Bright-Reflecting Source Regions}",
  journal = {IEEE Transactions on Geoscience and Remote Sensing},
     year = 2004,
    month = mar,
   volume = 42,
    pages = {557-569},
      doi = {10.1109/TGRS.2004.824067},
   adsurl = {http://adsabs.harvard.edu/abs/2004ITGRS..42..557H},
  adsnote = {Provided by the SAO/NASA Astrophysics Data System}
}

@Article{hurford1984, 
author={Hurford, A.J. and Fitch, F.J.  and Clarke, A.}, 
year={1984},  
title={Resolution of
  the age  structure of the  detrital zircon populations of  two {L}ower
  {C}retaceous  sandstones from the  {W}eald of  {E}ngland by  fission track dating},
journal={Geological Magazine}, 
volume={121}, 
pages={269-396}}
  
@Incollection{hurley1954,
author={Hurley, P.M.},
year=1954,
title={The helium age method and distribution and migration of helium in rocks},
booktitle={Nuclear Geology},
editor={Faul, H.},
publisher={John Wiley},
pages={301-329}
}

@Article{johnson1991, 
author={Johnson, M.R.}, 
year={1991}, 
title={Sandstone petrography, provenance and plate
  tectonic setting in {G}ondwana  context of the southeastern {C}ape-{K}aroo {B}asin}, 
journal={South African Journal of Geology}, 
volume={94}, 
pages={137-154}}
  
@Article{jung2001, 
author={Jung,  S. and Mezger,  K.}, 
year={2001}, 
title={Geochronology  in migmatites  -- a
  {S}m-{N}d,  {U}-{P}b  and  {R}b-{S}r  study  from the  {P}roterozoic  {D}amara  belt
  ({N}amibia): implications  for polyphase development  of migmatites in
  high-grade terranes}, 
journal={Journal of Metamorphic Geology}, 
volume={19},
pages={77-97}}

@Article{ketcham2009,
author = {Ketcham, R.},
year=2009,
title={Refinements for alpha stopping distances and {FT} corrections},
journal={OnTrack, the electronic newsletter of the 
international thermochronology community},
volume=16,
issue=2
}

@Article{kober2004,
author= {Kober, F.},
year=2004,
title={Quantitative analysis of the topographic evolution of the {A}ndes of northern {C}hile using cosmogenic nuclides},
journal={PhD thesis, ETH-Z\"{u}rich},
volume={No. 15858}
}

@ARTICLE{korschinek2010,
   author = {{Korschinek}, G. and {Bergmaier}, A. and {Faestermann}, T. and 
	{Gerstmann}, U.~C. and {Knie}, K. and {Rugel}, G. and {Wallner}, A. and 
	{Dillmann}, I. and {Dollinger}, G. and {von Gostomski}, C.~L. and 
	{Kossert}, K. and {Maiti}, M. and {Poutivtsev}, M. and {Remmert}, A.
	},
    title = "{A new value for the half-life of $^{10}$Be by Heavy-Ion 
Elastic Recoil Detection and liquid scintillation counting}",
  journal = {Nuclear Instruments and Methods in Physics Research B},
     year = 2010,
    month = jan,
   volume = 268,
    pages = {187-191},
      doi = {10.1016/j.nimb.2009.09.020},
}

@book{kruskal1978,
author={Kruskal,  J. B. and  Wish, M.}, 
year={1978},  
title={Multidimensional scaling},
series={Sage  University Paper  series  on Quantitative  Application in  the
  Social   Sciences},   
volume={07-011},
publisher={Sage Publications, Beverly Hills and London}, 
pages={93p.}}

@article{kubik2010,
author={Kubik, P. W. and Christl, M.}, 
year={2010},
title={$^{10}${B}e and $^{26}${A}l measurements at the {Z}urich 
6 {MV} {T}andem {AMS} facility},
journal={Nuclear Instruments and Methods in Physics Research B},
doi={10.1016/j.nimb.2009.10.054},
volume={268},
pages={880-883}}

@Article{kuper2006,
   author = {{Kuper}, R. and {Kr{\"o}pelin}, S.},
    title = "{Climate-Controlled Holocene Occupation in the Sahara: Motor of Africa's Evolution}",
  journal = {Science},
     year = 2006,
    month = aug,
   volume = 313,
    pages = {803-807},
      doi = {10.1126/science.1130989},
   adsurl = {http://adsabs.harvard.edu/abs/2006Sci...313..803K},
  adsnote = {Provided by the SAO/NASA Astrophysics Data System}
}
  
@Article{kurszlaukis1998, 
author={Kurszlaukis, S. and Franz, L. and Lorenz, V.}, 
year={1998}, 
title={On the volcanology
  of the {G}ibeon {K}imberlite  {F}ield, {N}amibia}, 
journal={Journal of Volcanology and
  Geothermal Research}, 
volume={84},
pages={257-272}}

@Article{lal1960,
  title = {Cosmic-Ray Production Rates of {B}e$^7$ in Oxygen, and 
{P}$^{32}$, {P}$^{33}$, {S}$^{35}$ in Argon at Mountain Altitudes},
  author = {Lal, D.  and Arnold, J.R. and Honda, M.},
  journal = {Physical Review},
  volume = {118},
  number = {6},
  pages = {1626--1632},
  numpages = {6},
  year = {1960},
  doi = {10.1103/PhysRev.118.1626},
  publisher = {American Physical Society}
}

@Article{lal1991,
author={Lal, D.},
year={1991},
title={Cosmic ray labelling of erosion surfaces: {\it in situ} nuclide production
rates and erosion models},
journal={Earth and Planetary Science Letters},
volume={104},
pages={424-439}}

@Article{lancaster1983, 
author={Lancaster, N. and Ollier, C.D.}, 
year={1983}, 
title="{Sources of sand for the Namib  Sand  Sea}", 
journal={Zeitschrift  f{\"{u}}r  {G}eomorphologie {S}upplementband},
volume={45},
pages={71-83}}
  
@Article{lancaster1985, 
author={Lancaster, N.},  
year={1985}, 
title={Winds and sand movement  in the {N}amib {S}and {S}ea},
journal={Earth Surface Processes and Landforms},
volume={10}, 
pages={607-619}}
  
@Book{lancaster1989, 
author={Lancaster, N.}, 
year={1989}, 
title={The {N}amib {S}and {S}ea -- dune forms, processes and sediments}, 
publisher={Balkema, Rotterdam}, 
pages={178p.}}

@Book{lancaster1995, 
author={Lancaster, N.}, 
year=1995, 
title={The geomorphology  of desert dunes}, 
publisher={Routledge}, 
pages={312p.}}

@ARTICLE{lee1995,
   author = {{Lee}, J.~K.~W.},
    title = "{Multipath diffusion in geochronology}",
  journal = {Contributions to Mineralogy and Petrology},
     year = 1995,
   volume = 120,
    pages = {60-82},
      doi = {10.1007/s004100050058},
}

@article{lee2007,
author={Lee, M.R. and Parsons, I. and Edwards, P.R. and Martin, R.W.},
year=2007,
title={Identification of cathodoluminescence activators in zoned alkali feldspars by hyperspectral 
imaging and electron-probe microanalysis},
journal={American Mineralogist},
volume=92,
pages={243-253}
}

@Article{leprince2007,
   author = {Leprince, S. and {Barbot}, S. and {Ayoub}, F. and {Avouac}, J.-P.},
    title = "{Automatic and Precise Orthorectification, Coregistration, and Subpixel 
Correlation of Satellite Images, Application to Ground Deformation Measurements}",
  journal = {IEEE Transactions on Geoscience and Remote Sensing},
     year = 2007,
   volume = 45,
    pages = {1529-1558},
      doi = {10.1109/TGRS.2006.888937},
   adsurl = {http://adsabs.harvard.edu/abs/2007ITGRS..45.1529L},
  adsnote = {Provided by the SAO/NASA Astrophysics Data System}
}

@Article{leprince2008,
author={Leprince, S. and Berthier, E. and Ayoub, F. and Delacourt, C. and Avouac, J. P.}, 
year = 2008,
title={Monitoring Earth Surface Dynamics with Optical Imagery}, 
journal={EOS, Transactions, American Geophysical Union}, 
volume=89, 
pages={1-2}}

@Article{leya2009,
author = {Leya, I. and Masarik, J.},
title = {Cosmogenic nuclides in stony meteorites revisited},
journal = {Meteoritics and Planetary Science},  
pages = {(in revision)},
year = 	 {2009}
}

@Article{licciardi1999,
   author = {{Licciardi}, J.~M. and {Kurz}, M.~D. and {Clark}, P.~U. and 
	{Brook}, E.~J.},
    title = "{Calibration of cosmogenic $^{3}$He production rates 
from Holocene lava flows in Oregon, USA, and effects of the Earth's magnetic field}",
  journal = {Earth and Planetary Science Letters},
     year = 1999,
    month = oct,
   volume = 172,
    pages = {261-271},
      doi = {10.1016/S0012-821X(99)00204-6},
   adsurl = {http://adsabs.harvard.edu/abs/1999E%26PSL.172..261L},
  adsnote = {Provided by the SAO/NASA Astrophysics Data System}
}

@Article{lifton2008,
  author = 	 {Lifton, N. and Smart, D. F. and Shea, M. A.},
  title = 	 {Scaling time-integrated in situ cosmogenic nuclide production 
rates using a continuous magnetic model},
  journal = 	 {Earth and Planetary Science Letters},
  year = 	 2008,
  volume =	 268,
  pages =	 {190-201}
}

@Article{livingstone2007,
author ={Livingstone, I and Wiggs, G.F.S. and Weaver C.M.},
year={2007},
title={Geomorphology of desert sand dunes: {A} review of recent progress},
journal={Earth-Science Reviews},
volume={80},
pages={239-257}}

@Article{lorup1998,
   author = {{L$\o$rup}, J. and {Refsgaard}, J. and {Mazvimavi}, D.},
    title = "{Assessing the effect of land use change on catchment runoff by 
combined use of statistical tests and hydrological modelling: Case studies from Zimbabwe}",
  journal = {Journal of Hydrology},
     year = 1998,
   volume = 205,
    pages = {147-163},
      doi = {10.1016/S0168-1176(97)00311-9},
   adsurl = {http://adsabs.harvard.edu/abs/1998JHyd..205..147L},
  adsnote = {Provided by the SAO/NASA Astrophysics Data System}
}

@ARTICLE{lovera1989,
   author = {{Lovera}, O.~M. and {Richter}, F.~M. and {Harrison}, T.~M.},
     year = 1989,
    title = "{The $^{40}${A}r/$^{39}${A}r thermochronometry for slowly 
             cooled samples having a distribution of diffusion domain sizes}",
  journal = {Journal of Geophysical Research},
   volume = 94,
    pages = {17917-17935},
      doi = {10.1029/JB094iB12p17917},
}

@ARTICLE{lovera1997,
   author = {{Lovera}, O.~M. and {Grove}, M. and {Harrison}, T.~M. and {Mahon}, K.~I.
	},
     year = 1997,
    title = "{Systematic analysis of K-feldspar $^{40}$Ar/$^{39}$Ar step heating results: 
              I. Significance of activation energy determinations}",
  journal = {Geochimica et Cosmochimica Acta},
   volume = 61,
    pages = {3171-3192},
      doi = {10.1016/S0016-7037(97)00147-6},
}

@Article{ludwig2003, 
author={Ludwig,  K.R.},  
year={2003},  
title={IsoPlot  3.00  --  a  user's manual},
journal={Berkeley Geochronology Center Special Publication}}

@Article{ludwig1998,
   author = {{Ludwig}, K.~R.},
    title = "{On the treatment of concordant uranium-lead ages}",
  journal = {Geochimica et Cosmochimica Acta},
     year = 1998,
    month = feb,
   volume = 62,
    pages = {665-676},
      doi = {10.1016/S0016-7037(98)00059-3},
   adsurl = {http://adsabs.harvard.edu/abs/1998GeCoA..62..665L},
  adsnote = {Provided by the SAO/NASA Astrophysics Data System}
}

@ARTICLE{maden2007,
   author = {{Maden}, C. and {Anastasi}, P.~A.~F. and {Dougans}, A. 
and {Freeman}, S.~P.~H.~T. and {Kitchen}, R. and {Klody}, G. and 
{Schnabel}, C. and {Sundquist}, M. and {Vanner}, K. and {Xu}, S.},
    title = "{SUERC AMS ion detection}",
  journal = {Nuclear Instruments and Methods in Physics Research B},
     year = 2007,
   volume = 259,
    pages = {131-139},
      doi = {10.1016/j.nimb.2007.01.151},
}

@Incollection{mainguet1984,
author={Mainguet, M.},
year={1984},
title={Space observations of {S}aharan aeolian dynamics},
editor={El Baz, F.},
pages={59-77},
publisher={Nijhoff, Den Haag},
booktitle={Deserts and Arid Lands},
}

@Article{masarik1995,
   author = {{Masarik}, J. and {Reedy}, R.~C.},
    title = "{Terrestrial cosmogenic-nuclide production systematics calculated from numerical simulations}",
  journal = {Earth and Planetary Science Letters},
     year = 1995,
   volume = 136,
    pages = {381-395},
      doi = {10.1016/0012-821X(95)00169-D},
   adsurl = {http://adsabs.harvard.edu/abs/1995E%26PSL.136..381M},
  adsnote = {Provided by the SAO/NASA Astrophysics Data System}
}

@ARTICLE{mattinson1994,
   author = {{Mattinson}, J.~M.},
    title = "{A study of complex discordance in zircons using step-wise dissolution techniques}",
  journal = {Contributions to Mineralogy and Petrology},
     year = 1994,
   volume = 116,
    pages = {117-129},
      doi = {10.1007/BF00310694},
}

@article{mattinson2005, 
author={Mattinson, J.M.},
year=2005,
title={Zircon {U}-{P}b chemical abrasion
("{CA-TIMS}") method : {C}ombined annealing and multi-step partial
dissolution analysis for improved precision and accuracy of zircon
ages},
journal={Chemical Geology},
volume=220,
pages={47-66}
}

@Article{mccauley1982,
   author = {{McCauley}, J.~F. and {Schaber}, G.~G. and {Breed}, C.~S. and 
	{Grolier}, M.~J. and {Haynes}, C.~V. and {Issawi}, B. and {Elachi}, C. and 
	{Blom}, R.},
    title = "{Subsurface Valleys and Geoarcheology of the Eastern Sahara Revealed by Shuttle Radar}",
  journal = {Science},
     year = 1982,
   volume = 218,
    pages = {1004-1020},
      doi = {10.1126/science.218.4576.1004},
}

@book{mcdougall1999,
author={McDougall, I. and Harrison, T.M.},
title={Geochronology and Thermochronology by the $^{40}$Ar/$^{39}$Ar method},
year=1999,
publisher={Oxford University Press, New York},
pages={212p.}
}

@Article{mcintyre1966,
   author = {{McIntyre}, G.~A. and {Brooks}, C. and {Compston}, W. and {Turek}, A.},
    title = "{The Statistical Assessment of Rb-Sr Isochrons}",
  journal = {Journal of Geophysical Research},
     year = 1966,
   volume = 71,
    pages = {5459-5468},
   adsurl = {http://adsabs.harvard.edu/abs/1966JGR....71.5459M},
  adsnote = {Provided by the SAO/NASA Astrophysics Data System}
}

@Article{mckee1982, 
author={McKee,  E.}, 
year={1982}, 
title={Sedimentary  structures in dunes of  the {N}amib
  {D}esert,  {S}outh  {W}est  {A}frica},
journal={Geological  Society  of  America Special Paper},
volume={188}, 
pages={64p.}}

@ARTICLE{middleton1993,
   author = {{Middleton}, R. and {Brown}, L. and 
{Dezfouly-Arjomandy}, B. and {Klein}, J.},
    title = "{On $^{10}$Be standards and the half-life of $^{10}$Be}",
  journal = {Nuclear Instruments and Methods in Physics Research B},
     year = 1993,
   volume = 82,
    pages = {399-403},
      doi = {10.1016/0168-583X(93)95987-G},
}

@Article{moecher2006,
author={Moecher, D.P. and Samson, S.D.},
title={Differential zircon fertility of source terranes and natural bias 
in the detrital zircon record: {I}mplications for sedimentary provenance analysis},
journal={Earth and Planetary Science Letters},
year={2006},
volume={247},
pages={252-266}}

@article{muhs2004,
author={Muhs, D.R.},
year={2004},
title="{Mineralogical maturity in dunefields of North America, 
Africa and Australia}",
journal={Geomorphology},
volume={59},
pages={247-269},
doi={10.1016/j.geomorph.2003.07020}
}

@article{muhs1993,
author={Muhs, D.R. and Maat, P.B.},
year={1993},
title="{The potential response of eolian sands to greenhouse warming 
and precipitation reduction on the Great Plains of the USA}",
journal={Journal of Arid Environments},
volume={25},
pages={351-361}
} 

@ARTICLE{neubauer2009,
   author = {{Neubauer}, F. and {Pavi{\'c}evi{\'c}}, M.~K. and 
{Genser}, J. and {Jelenkovi{\'c}}, R. and {Boev}, B. and {Amthauer}, G.},
    title = "{$^{40}$Ar/$^{39}$Ar dating of geological events of 
the Allchar deposit and its host rocks}",
  journal = {Geochimica et Cosmochimica Acta Supplement},
     year = 2009,
   volume = 73,
    pages = {938},
}

@Article{nicolai2008,
author={Nicolai, C.}, 
year = {2008},
title="{Tracing the As Sahabi Channel System in the Ajdabiya Trough}", 
journal="{Garyounis Scientific Bulletin}",
number={Special Issue 5}, 
pages={85-94}
}

@ARTICLE{niedermann1993,
   author = {{Niedermann}, S. and {Graf}, T. and {Marti}, K.},
    title = "{Mass spectrometric identification of cosmic-ray-produced neon in terrestrial rocks with multiple neon components}",
  journal = {Earth and Planetary Science Letters},
 keywords = {COSMIC RAYS, GEOMORPHOLOGY, GLACIOLOGY, MASS SPECTROSCOPY, NEON, NUCLIDES, ROCKS, ACTIVATION ENERGY, QUARTZ, RARE GASES, SPALLATION},
     year = 1993,
    month = jul,
   volume = 118,
    pages = {65-73},
      doi = {10.1016/0012-821X(93)90159-7},
   adsurl = {http://adsabs.harvard.edu/abs/1993E%26PSL.118...65N},
  adsnote = {Provided by the SAO/NASA Astrophysics Data System}
}

@Article{niedermann1994,
  author =	 {Niedermann, S. and Graf, T. and Kim, J.S. and Kohl,
                  C.P. and Marti, K. and Nishiizumi, K.},
  title =	 {Cosmic-ray-produced $^{21}${N}e in terrestrial quartz:
                  the neon inventory of {S}ierra {N}evada quartz
                  separates},
  journal = 	 {Earth and Planetary Science Letters},
  year = 	 1994,
  volume = 	 125,
  number = 	 {1-4},
  pages = 	 {341-355}}

@Article{niedermann2000,
   author = {{Niedermann}, S.},
    title = "{The $^{21}${N}e production rate in quartz revisited}",
  journal = {Earth and Planetary Science Letters},
     year = 2000,
   volume = 183,
    pages = {361-364},
      doi = {10.1016/S0012-821X(00)00302-2},
   adsurl = {http://adsabs.harvard.edu/abs/2000E%26PSL.183..361N},
  adsnote = {Provided by the SAO/NASA Astrophysics Data System}
}

@Incollection{niedermann2002, 
author={Niedermann, S.},  
year={2002}, 
title="{Cosmic-Ray-Produced Noble Gases  in Terrestrial Rocks:
Dating Tools  for Surface Processes}",
boobktitle="{Noble Gases  in Geochemistry and  Cosmochemistry}",
editor={Porcelli, D. and Ballentine, C.  J. and  Wieler, R.}, 
series={Reviews in Mineralogy and Geochemistry},
volume={47},
pages={731-784}
}

@Article{nishiizumi1996,
author={Nishiizumi, K. and Finkel, R. C. and Klein, J. and Kohl, C.P.},
year={1996},
title={Cosmogenic production of $^7${B}e and $^{10}${B}e in water targets}, 
journal={Journal of Geophysical Research},
volume={101}, 
pages={22,225-22,232}}

@unpublished{nishiizumi2002,
author={Nishiizumi, K.},
year={2002},
title={$^{10}${B}e, $^{26}${A}l, $^{36}${C}l and $^{41}${C}a standards},
note={Ninth International Conference on Accelerator Mass Spectrometry 
(AMS-9), Nagoya, Japan, Abstracts}} 

@ARTICLE{nishiizumi2007,
   author = {{Nishiizumi}, K. and {Imamura}, M. and 
{Caffee}, M.~W. and {Southon}, J.~R. and 
	{Finkel}, R.~C. and {McAninch}, J.},
    title = "{Absolute calibration of $^{10}$Be AMS standards}",
  journal = {Nuclear Instruments and Methods in Physics Research B},
     year = 2007,
   volume = 258,
    pages = {403-413},
      doi = {10.1016/j.nimb.2007.01.297},
}

@Article{osborne2008,
author = {Osborne, Anne H. and Vance, Derek and Rohling, Eelco J. and Barton, Nick and Rogerson, Mike and Fello, Nuri},
title={{A humid corridor across the Sahara for the migration of early modern humans out of Africa 120,000 years ago}},
journal = {Proceedings of the National Academy of Sciences},
volume = 105,
number = 43,
pages = {16444-16447},
doi = {10.1073/pnas.0804472105},
year = 2008
}

@Article{ouldahmedou2007,
   author = {{Ould Ahmedou}, D. and {Ould Mahfoudh}, A. and {Dupont}, P. and 
	{Ould El Moctar}, A. and {Valance}, A. and {Rasmussen}, K.~R.},
    title = "{Barchan dune mobility in Mauritania related to dune and interdune sand fluxes}",
  journal = {Journal of Geophysical Research (Earth Surface)},
     year = 2007,
    month = may,
   volume = 112,
   number = F11,
      doi = {10.1029/2006JF000500},
   adsurl = {http://adsabs.harvard.edu/abs/2007JGRF..11202016O},
  adsnote = {Provided by the SAO/NASA Astrophysics Data System}
}

@ARTICLE{parsons1999,
   author = {{Parsons}, I. and {Brown}, W.~L. and {Smith}, J.~V.},
    title = "{$^{40}$Ar/$^{39}$Ar thermochronology using alkali feldspars: 
             real thermal history or mathematical mirage of microtexture?}",
  journal = {Contributions to Mineralogy and Petrology},
     year = 1999,
   volume = 136,
    pages = {92-110},
      doi = {10.1007/s004100050526},
}

@ARTICLE{partridge1993,
   author = {{Partridge}, T.},
    title = "{The evidence for Cainozoic aridification in southern Africa}",
  journal = {Quaternary International},
     year = 1993,
   volume = 17,
    pages = {105-110},
      doi = {10.1016/1040-6182(93)90087-V},
}

@ARTICLE{pavicevic1988,
   author = {{Pavi{\'c}evi{\'c}}, M.~K.},
    title = "{Lorandite from Allchar - A low energy solar neutrino dosimeter}",
  journal = {Nuclear Instruments and Methods in Physics Research A},
     year = 1988,
   volume = 271,
    pages = {287-296},
      doi = {10.1016/0168-9002(88)90171-4},
}


@Article{pell1997, 
author={Pell, S.  D. and Williams, I.  S. and Chivas, A.  R.}, 
year={1997}, 
title={The use of
  protolith  zircon-age fingerprints  in  determining the  protosource
  areas  for some  {A}ustralian  dune sands},  
journal={Sedimentary Geology},  
volume={109},
pages={233-260.}}

@Article{pell2000, 
author={Pell, S. D. and Chivas, A.  R. and Williams, I. S.}, 
year={2000}, 
title={The {S}impson,
  {S}trzelecki  and  {T}irari {D}eserts:  development  and sand  provenance},
journal={Sedimentary Geology}, 
volume={130}, 
pages={107-130}}

@Article{pell2001, 
author={Pell,  S.  D. and Chivas,  A. R. and  Williams, I.  S.},  
year={2001}, 
title={The {M}allee {D}unefield:  development and sand provenance},  
journal={Journal of Arid Environments}, 
volume={48}, 
pages={149-170}}

@Article{pettitt1976, 
author={Pettitt,  A.  N.},  
year={1976},  
title={A  two-sample  {A}nderson-{D}arling  rank statistic}, 
journal={Biometrika}, 
volume={63}, 
pages={161-168}}

@Article{pigati2004,
  author = 	 {Pigati, J.S. and Lifton, N.A.},
  title =	 {Geomagnetic effects on time-integrated cosmogenic
                  nuclide production with emphasis on in situ $^{14}${C}
                  and $^{10}${B}e},
  journal = 	 {Earth and Planetary Science Letters},
  year = 	 2004,
  volume =	 226,
  pages =	 {193-205}
}

@Book{popper1959,
author={Popper, K. R.},
title={The logic of scientific discovery},
year={1959},
publisher={London: Hutchinson}
}

@Incollection{porcelli2002, 
author={Porcelli, D. and Ballentine, C. J. and Wieler, R.},  
year={2002}, 
title={An overview of Noble gas geochemistry and cosmochemistry},
boobktitle="{Noble Gases  in Geochemistry and  Cosmochemistry}",
editor={Porcelli, D. and Ballentine, C.  J. and  Wieler, R.}, 
series={Reviews in Mineralogy and Geochemistry},
volume={47},
pages={1-18}
}

@Article{prospero2002,  
author={Prospero,  J.M.  and  Ginoux,  P.  and
Torres,  O.   and  Nicholson,   S.E.  and  Gill   T.E.},  year={2002},
title="{Environmental   characterization    of   global   sources   of
atmospheric soil dust identified with the Nimbus 7 total ozone mapping
spectrometer (TOMS) absorbing aerosol product}",
year=2002, 
volume=40, 
number=1, 
journal={Reviews of Geophysics},
pages={2.1-2.31}
}

@article{prospero2003,
author = {Prospero, Joseph M. and Lamb, Peter J.},
title = {{African Droughts and Dust Transport to the Caribbean: Climate Change Implications}},
journal = {Science},
volume = {302},
number = {5647},
pages = {1024-1027},
doi = {10.1126/science.1089915},
year = {2003}}

@article{ramanathan2001,
author = {Ramanathan, V. and Crutzen, P. J. and Kiehl, J. T. and Rosenfeld, D.},
title = {{Aerosols, Climate, and the Hydrological Cycle}},
journal = {Science},
volume = {294},
number = {5549},
pages = {2119-2124},
doi = {10.1126/science.1064034},
year = {2001},
URL = {http://www.sciencemag.org/cgi/content/abstract/294/5549/2119},
eprint = {http://www.sciencemag.org/cgi/reprint/294/5549/2119.pdf}
}

@ARTICLE{reddy2001,
   author = {{Reddy}, S. and {Potts}, G. and {Kelley}, S.},
    title = "{$^{40}$Ar/$^{39}$Ar ages in deformed potassium feldspar: 
             evidence of microstructural control on Ar isotope systematics}",
  journal = {Contributions to Mineralogy and Petrology},
     year = 2001,
   volume = 141,
    pages = {186-200},
      doi = {10.1007/s004100000227},
}

@article{reimann2000,
author={Reimann, C. and Filzmoser, P.}, 
year=2000,
title={Normal and lognormal data distribution in geochemistry: death of a myth. 
Consequences for the statistical treatment of geochemical and environmental data}, 
journal={Earth and Environmental Science}, 
volume = {39},
number={9},
pages={1001-1014}
}

@ARTICLE{reiners2003,
   author = {{Reiners}, P.~W. and {Ehlers}, T.~A. and {Mitchell}, S.~G. and 
	{Montgomery}, D.~R.},
    title = "{Coupled spatial variations in precipitation and long-term erosion rates across the Washington Cascades}",
  journal = {Nature},
     year = 2003,
   volume = 426,
    pages = {645-647},
}

@article{reiners2009,
author={Reiners, P. W. and Shuster, D. L.},
year=2009,
title={Thermochronology and landscape evolution},
journal={Physics Today},
volume=62,
number=9,
pages={31-36}
}

@Book{rice1995,
author={Rice, J. A.}, 
title={Mathematical Statistics and Data Analysis},
year={1995},
publisher={Duxbury, Pacific Grove, California}, 
pages={602p}
}

@article{richter1991,
author={Richter, F.M. and Lovera, O.M. and Harrison, M.T. and Copeland, P.},
year=1991,
title={Tibetan tectonics from $^{40}$Ar/$^{39}$Ar analysis of a single
{K}-feldspar sample},
journal={Earth and Planetary Science Letters},
volume=105,
number=1,
pages={266-278}
}

@Article{rogers1977, 
author={Rogers,  J.}, 
year={1977}, 
title={Sedimentation  on the continental  margin off
  the {O}range {R}iver and the {N}amib desert},
journal={Joint Geological Survey/UCT
  Marine Geoscience Group Bulletin}, 
volume={7}, 
pages={162p}}

@article{rutherford1905,
author={Rutherford, E.},
title={Present problems in radioactivity},
year=1905,
journal={Popular Science Monthly},
pages={1-34}
}

@Article{sarnthein1978,
   author = {{Sarnthein}, M.},
    title = "{Sand deserts during glacial maximum and climatic optimum}",
  journal = {Nature},
     year = 1978,
    month = mar,
   volume = 272,
    pages = {43-46},
      doi = {10.1038/272043a0},
   adsurl = {http://adsabs.harvard.edu/abs/1978Natur.272...43S},
  adsnote = {Provided by the SAO/NASA Astrophysics Data System}
}

@Article{schaefer2000,
author={Sch\"{a}fer, J. M},
year={2000},
title={Reconstruction of landscape evolution and continental paleoglaciations using
in situ cosmogenic nuclides},
journal={Ph.D. Thesis, ETH-Z\"{u}rich},
volume={No. 13542}}

@Article{schepanski2007,
   author = {{Schepanski}, K. and {Tegen}, I. and {Laurent}, B. and {Heinold}, B. and 
	{Macke}, A.},
    title = "{A new Saharan dust source activation frequency map derived from MSG-SEVIRI IR-channels}",
  journal = {Geophysical Research Letters},
 keywords = {Atmospheric Composition and Structure: Aerosols and particles (0345, 4801, 4906), Atmospheric Processes: Remote sensing, Atmospheric Processes: Regional modeling},
     year = 2007,
    month = sep,
   volume = 34,
    pages = {18803-+},
      doi = {10.1029/2007GL030168},
   adsurl = {http://adsabs.harvard.edu/abs/2007GeoRL..3418803S},
  adsnote = {Provided by the SAO/NASA Astrophysics Data System}
}
  
@Book{schluter2006, 
author={Schl{\"{u}}ter,  T.}, 
year={2006},
title={Geological atlas of  {A}frica, with notes
  on  stratigraphy,   tectonics,  economic  geology,   geohazards  and
  geosites of each country}, 
publisher={Springer, Heidelberg}, 
pages={272p.}}

@ARTICLE{schnabel2007,
   author = {{Schnabel}, C. and {Reinhardt}, L. and {Barrows}, T.~T. and 
	{Bishop}, P. and {Davidson}, A. and {Fifield}, L.~K. and 
{Freeman}, S. and {Kim}, J.~Y. and {Maden}, C. and {Xu}, S.},
    title = "{Inter-comparison in $^{10}$Be analysis starting from 
pre-purified quartz}",
  journal = {Nuclear Instruments and Methods in Physics Research B},
     year = 2007,
   volume = 259,
    pages = {571-575},
      doi = {10.1016/j.nimb.2007.01.298},
}

@Book{sengor2001,
author={\c{S}eng\"{o}r, A. M. C.},
year=2001,
title="{Is the present the key to the past or the past the key to the present? 
James Hutton and Adam Smith versus Abraham Gottlob Werner and Karl Marx in 
interpreting Earth history}",
series={Geological Society of America Special Paper},
volume=355, 
pages={51p}
}

@article{sharp1979,
author = {Sharp, R. P.},
title = {{Intradune flats of the Algodones chain, Imperial Valley, California}},
journal = {Geological Society of America Bulletin},
volume = {90},
number = {10},
pages = {908-916},
doi = {10.1130/0016-7606(1979)90<908:IFOTAC>2.0.CO;2},
year = {1979},
}

@ARTICLE{shuster2005a,
   author = {{Shuster}, D.~L. and {Ehlers}, T.~A. and {Rusmore}, M.~E. and 
	{Farley}, K.~A.},
    title = "{Rapid Glacial Erosion at 1.8 Ma Revealed by $^{4}$He/$^{3}$He Thermochronometry}",
  journal = {Science},
     year = 2005,
   volume = 310,
    pages = {1668-1670},
      doi = {10.1126/science.1118519},
}

@Article{shuster2005b,
   author = {Shuster, D.L. and Farley, K.A.},
    title = {Diffusion kinetics of proton-induced $^{21}${N}e, $^{3}${H}e, and $^{4}${H}e in quartz},
  journal = {Geochimica et Cosmochimica Acta},
     year = {2005},
   volume = {69},
    pages = {2349-2359}}

@Article{shuster2006,
   author = {{Shuster}, D.~L. and {Flowers}, R.~M. and {Farley}, K.~A.},
    title = "{The influence of natural radiation damage on helium diffusion kinetics in apatite}",
  journal = {Earth and Planetary Science Letters},
     year = 2006,
    month = sep,
   volume = 249,
    pages = {148-161},
      doi = {10.1016/j.epsl.2006.07.028},
   adsurl = {http://adsabs.harvard.edu/abs/2006E%26PSL.249..148S},
  adsnote = {Provided by the SAO/NASA Astrophysics Data System}
}

@Article{sereno2008,
author={Sereno, P.C. and Garcea, E.A.A. and Jousse, H. and Stojanowski, C.M. and
Sali{\`{e}}ge, J-F and Maga, A. and Ide, O.A. and Knudson, K.J. and Mercuri, A.M.
and Stafford, T.W. Jr. and Kaye, T.G. and Giraudi, C. and N'siala, I.M. and Cocca, E.
and Moots, H.M. and Dutheil, D.B. and Stivers, J.P.},
title={Lakeside Cemeteries in the {S}ahara: 
5000 Years of {H}olocene Population and Environmental Change},
journal={PLoS ONE},
year={2008},
volume={3},
pages={e2995}}
  
@Article{siedner1976, 
author={ Siedner,  G.  and  Mitchell,  J.G.},  
year={1976},   
title={Episodic  {M}esozoic  volcanism in  {N}amibia and {B}razil:  
A {K}-{A}r isochron study  bearing on
  the  opening of  the  {S}outh {A}tlantic},  
journal={Earth  and Planetary  Science Letters}, 
volume={30}, 
pages={292-302}}

@inproceedings{signer1993,
author={Signer, P. and Baur H. and Wieler, R.},
year=1993,
title={Closed system stepped etching; an alternative to stepped heating},
booktitle={Proceedings of the Alfred O. Nier symposium on inorganic mass spectrometry},
editor={Rokop, D. J.},
publisher={Los Alamos: Los Alamos National Lab},
pages=181
}
  
@Book{silverman1986, 
author={ Silverman, B.W.},  
year={1986}, 
title={Density  Estimation for  Statistics and
  Data Analysis}, 
publisher={Chapman and Hall, London}, 
pages={175p.}}
  
@Article{sircombe2000, 
author={Sircombe, K.  N.}, 
year={2000}, 
title={Quantitative comparison of large sets of
  geochronological  data  using  multivariate analysis:  A  provenance
  study example  from {A}ustralia}, 
journal={Geochimica et  Cosmochimica Acta}, 
volume={64},
pages={1593-1616}}
  
@Article{sircombe2004,
   author = {{Sircombe}, K.~N. and {Hazelton}, M.~L.},
    title = "{Comparison of detrital zircon age distributions by 
kernel functional estimation}",
  journal = {Sedimentary Geology},
     year = 2004,
   volume = 171,
    pages = {91-111},
      doi = {10.1016/j.sedgeo.2004.05.012},
   adsurl = {http://adsabs.harvard.edu/abs/2004SedG..171...91S},
  adsnote = {Provided by the SAO/NASA Astrophysics Data System}
}

@Article{slama2008, 
author={Sl{\'{a}}ma,  J. and Ko{\v{s}}ler, J. and  Condon, D. J. and Crowley,  J. L. and
  Gerdes, A. and  Hanchar, J.  M. and Horstwood,  M. S.  A. and  Morris, G. A. and
  Nasdala, L. and Norberg, N. and Schaltegger,  U. and Schoene, B. and Tubrett, M. 
  N. and Whitehouse, M. J.},  
year={2008},  
title={Ple{\v{s}}ovice zircon -- A new
  natural reference  material for {U}-{P}b and  {H}f isotopic microanalysis},
journal={Chemical Geology}, 
volume={249}, 
pages={1-35}}

@article{smith1965,
author={Smith, J.V. and Stenstrom, R.C.},
year=1965,
title={Electron-excited luminescence as a petrologic tool},
journal={Journal of Geology},
volume=73,
number=4,
pages={627-635}
}

@Article{solanki2004,
  author =	 {{Solanki}, S.~K. and {Usoskin}, I.~G. and {Kromer},
                  B. and {Sch{\"u}ssler}, M. and {Beer}, J.},
    title = "{Unusual activity of the Sun during recent decades compared to the previous 11,000 years}",
  journal = {Nature},
     year = 2004,
   volume = 431,
    pages = {1084-1087},
      doi = {10.1038/nature02995},
   adsurl = {http://adsabs.harvard.edu/abs/2004Natur.431.1084S},
  adsnote = {Provided by the SAO/NASA Astrophysics Data System}
}

@article{sole2005,
author={Sole, C. L. and Scholtz, C. H. and Bastos, A. D. S.},
title="{Phylogeography of the Namib Desert dung beetles 
{\it Scarabaeus (Pachysoma)}
MacLeay (Coleoptera: Scarabaeidae)}",
journal={Journal of Biogeography},
volume=32,
issue=1,
pages={75-84},
year=2005}

@Article{spaggiari2006, 
author={Spaggiari,  R.  I. and Bluck, B.   J. and Ward,  J.   D.}, 
year={2006},   
title={Characteristics of  diamondiferous {P}lio-{P}leistocene
  littoral deposits within the palaeo-{O}range {R}iver mouth, {N}amibia}, 
journal={Ore  Geology Reviews},
volume={28}, 
pages={475-492}}

@Article{staiger2007,
   author = {{Staiger}, J. and {Gosse}, J. and {Toracinta}, R. and {Oglesby}, B. and 
	{Fastook}, J. and {Johnson}, J.~V.},
    title = "{Atmospheric scaling of cosmogenic nuclide production: Climate effect}",
  journal = {Journal of Geophysical Research (Solid Earth)},
     year = 2007,
   volume = 112,
   number = B11,
    pages = {B2205},
      doi = {10.1029/2005JB003811},
   adsurl = {http://adsabs.harvard.edu/abs/2007JGRB..11202205S},
  adsnote = {Provided by the SAO/NASA Astrophysics Data System}
}

@ARTICLE{staudacher1978,
   author = {{Staudacher}, T. and {Jessberger}, E.~K. and {Dorflinger}, D. and 
	{Kiko}, J.},
    title = "{A refined ultrahigh-vacuum furnace for rare gas analysis}",
  journal = {Journal of Physics E Scientific Instruments},
     year = 1978,
   volume = 11,
    pages = {781-784},
      doi = {10.1088/0022-3735/11/8/019},
}

@article{stokes1999,
author={Stokes, S. and Goudie, A. S. and Ballard, J. and 
Gifford, S. and Samieh, S. and Embabi, N. and El-Rashidi, O. A.},
year={1999},
title="{Accurate dune displacements and morphometric data using 
kinematic GPS}",
journal={Zeitschrift f\"{u}r Geomorpologie Supplementband},
volume={116},
pages={195-214}}

@article{stokes2005,
author={Stokes, S. and Bray, H.E.},
year={2005},
title="{Late Pleistocene eolian history of the Liwa region, 
Arabian Peninsula}",
journal={Geological Society of America Bulletin},
volume={117},
pages={1466-1480}} 

@article{stokes2004,
author={Stokes, S. and Bailey, R.M. and Federoff, N. and O’Marah, K.E.},
year = 2004,
title={Optical dating of aeolian dynamism on the West African Sahelian margin},
journal={Geomorphology},
volume={59},
pages={281-291}} 


@Article{stone2000,
author={Stone, J. O.},
year=2000,
title={Air pressure and cosmogenic isotope production},
journal={Journal of Geophysical Research},
volume=105,
pages={23,753-23,759}}

@Article{strasky2008,
author={Strasky, S.},
year={2008},
title={Glacial response to global climate changes:
cosmogenic nuclide chronologies from high and low
latitudes},
journal={Ph.D. Thesis, ETH-Z\"{u}rich},
volume={No. 17569}}

@article{strutt1908,
author={Strutt, R.J.},
year=1908,
title={On the accumulation of helium in geological time},
journal={Proceedings of the Royal Society of London},
volume={A81},
number=547,
pages={272-277}
}

@Article{thomas2005,
author={Thomas, D.S.G. and Knight, M. and Wiggs, G.F.S.},
year=2005,
title="{Remobilisation of southern African desert dune systems 
by twenty first century global warming}",
journal={Nature},
volume=435,
pages={1218-1221}} 

@Article{tilles1962,
author={Tilles, D.},
year = 1962,
title = "{A Room-Temperature Diffusion Constant for Hydrogen in Proton-irradiated Steel}",
journal = {Nature},
volume = 194,
number = 4835,
pages = {1273-1274},
}

@Article{titterington1979,
author = {Titterington, D. M. and Halliday, A. N.},
year = 1979, 
title = {On the fitting of parallel isochrons and the method of maximum likelihood},
journal = {Chemical Geology},
volume = 26,
pages = {183-195}
}

@Article{tucker1991,
   author = {{Tucker}, C.~J. and {Dregne}, H.~E. and {Newcomb}, W.~W.},
    title = "{Expansion and Contraction of the Sahara Desert from 1980 to 1990}",
  journal = {Science},
     year = 1991,
    month = jul,
   volume = 253,
    pages = {299-301},
      doi = {10.1126/science.253.5017.299},
   adsurl = {http://adsabs.harvard.edu/abs/1991Sci...253..299T},
  adsnote = {Provided by the SAO/NASA Astrophysics Data System}
}

@Article{vanderwateren2001, 
author={Van  der Wateren, F. M. and Dunai, T. J.},  
year={2001},  
title="{Late Neogene
  passive margin denudation  history --cosmogenic isotope measurements
  from the central Namib desert}",  
journal={Global and Planetary Change},
volume={30}, 
pages={271-307}}

@article{vermeesch2003,
author={Vermeesch, P.},
year=2003,
title={A second look at the geologic map of {C}hina: the ``{S}loss approach''},
journal={International Geology Review},
volume=45,
pages={119-132}
}

@article{vermeesch2004a,
author={Vermeesch, P. and Poort, J. and Duchkov, A.D. and Klerkx, J. and De Batist, M.},
year=2004,
title={Lake {I}ssyk {K}ul' ({T}ien {S}han): unusually low heat flow in an active
intermontane basin},
journal={Russian Geology and Geophysics (Geologiya i Geofizika)},
volume=45,
number=5,
pages={616-625}
}

@Article{vermeesch2004b,
author={Vermeesch, P.}, 
year={2004}, 
title={How many grains are needed for a provenance study?},  
journal={Earth and Planetary Science Letters}, 
volume={224}, 
pages={441-451}}

@Article{vermeesch2005,
   author = {{Vermeesch}, P.},
    title = "{Statistical uncertainty associated with histograms in the Earth sciences}",
  journal = {Journal of Geophysical Research (Solid Earth)},
     year = 2005,
   volume = 110,
   number = {B9},
      doi = {10.1029/2004JB003479},
   adsurl = {http://adsabs.harvard.edu/abs/2005JGRB..11002211V},
  adsnote = {Provided by the SAO/NASA Astrophysics Data System}
}

@ARTICLE{vermeesch2006a,
   author = {{Vermeesch}, P.},
    title = "{Tectonic discrimination of basalts with classification trees}",
  journal = {Geochimica et Cosmochimica Acta},
     year = 2006,
   volume = 70,
    pages = {1839-1848},
      doi = {10.1016/j.gca.2005.12.016},
}

@ARTICLE{vermeesch2006b,
   author = {{Vermeesch}, P.},
    title = "{Tectonic discrimination diagrams revisited}",
  journal = {Geochemistry, Geophysics, Geosystems},
     year = 2006,
   volume = 7,
      doi = {10.1029/2005GC001092},
}

@Article{vermeesch2006c,
author={Vermeesch, P.},
title={Multi-method detrital thermochronology of the {G}reat {V}alley 
{G}roup near {N}ew {I}dria ({C}alifornia)},
year=2006,
journal={Geological Society of America Bulletin},
volume=118,
number=1,
pages={210-218}
}

@Article{vermeesch2007a,
   author = {Vermeesch, P.},
    title = "{Quantitative geomorphology of the White Mountains (California) 
using detrital apatite fission track thermochronology}",
  journal = {Journal of Geophysical Research (Earth Surface)},
     year = 2007,
   volume = 112,
   number = {F11},
    pages = {3004},
      doi = {10.1029/2006JF000671},
}

@ARTICLE{vermeesch2007b,
   author = {{Vermeesch}, P. and {Seward}, D. and {Latkoczy}, C. and {Wipf}, M. and 
	{G{\"u}nther}, D. and {Baur}, H.},
    title = "{{$\alpha$}-Emitting mineral inclusions in apatite, 
their effect on (U-Th)/He ages, and how to reduce it}",
  journal = {Geochimica et Cosmochimica Acta},
     year = 2007,
   volume = 71,
    pages = {1737-1746},
      doi = {10.1016/j.gca.2006.09.020},
}

@ARTICLE{vermeesch2007c,
   author = {{Vermeesch}, P.},
    title = "{CosmoCalc: An Excel add-in for cosmogenic nuclide calculations}",
  journal = {Geochemistry, Geophysics, Geosystems},
     year = 2007,
   volume = 8,
    pages = {8003},
      doi = {10.1029/2006GC001530},
   adsurl = {http://adsabs.harvard.edu/abs/2007GGG.....808003V},
  adsnote = {Provided by the SAO/NASA Astrophysics Data System}
}

@ARTICLE{vermeesch2007d,
   author = {{Vermeesch}, P.},
    title = {Reply to {C}omment by {A}grawal and {V}erma on 
``{T}ectonic classification of basalts with classification trees''},
  journal = {Geochimica et Cosmochimica Acta},
     year = 2007,
   volume = 71,
    pages = {3391-3392},
      doi = {10.1016/j.gca.2007.04.021},
}

@Article{vermeesch2008a,
author = {Vermeesch, P.},
title = {Three new ways to calculate average ({U}-{T}h)/{H}e ages}, 
journal = {Chemical Geology}, 
year = 2008,
volume = {249}, 
pages = {339-347}
}

@Article{vermeesch2008b,
author={Vermeesch, P. and Drake, N.},
year={2008},
title="{Remotely sensed dune celerity and sand flux measurements of the 
world's fastest barchans (Bod{\'e}l{\'e}, Chad)}", 
journal={Geophysical Research Letters}, 
volume={35}, 
number={L24404}, 
doi={doi:10.1029/2008GL035921}}

@article{vermeesch2009a,
author={Vermeesch, P. and Avigad, D. and McWilliams, M.O.},
year=2009,
title={500 {M}yr of thermal history elucidated by multi-method 
detrital thermochronology of {N}orth {G}ondwana {C}ambrian sandstone 
({E}ilat area, {I}srael)},
journal={Geological Society of America Bulletin},
volume=121,
pages={1204-1216},
doi={doi: 10.1130/B26473.1}
}

@ARTICLE{vermeesch2009b,
   author = {{Vermeesch}, P. and {Baur}, H. and {Heber}, V.~S. and {Kober}, F. and 
	{Oberholzer}, P. and {Schaefer}, J.~M. and {Schl{\"u}chter}, C. and 
	{Strasky}, S. and {Wieler}, R.},
    title = "{Cosmogenic $^{3}$He and $^{21}$Ne measured in quartz targets after 
one year of exposure in the {S}wiss {A}lps}",
  journal = {Earth and Planetary Science Letters},
     year = 2009,
   volume = 284,
    pages = {417-425},
      doi = {10.1016/j.epsl.2009.05.007}, 
}

@article{vermeesch2009c,
author={Vermeesch, P.},
title={RadialPlotter: A Java application for fission track, 
luminescence and other radial plots},
journal={Radiation measurements},
year=2009,
volume=44,
number=4,
pages={409-410}
}

@article{vermeesch2009d,
author={Vermeesch, P.},
title={Lies, damned lies, and statistics (in geology)},
journal={Eos, transactions of the American Geophysical Union},
year=2009,
pages={(in press)}
}

@Article{vermeesch2010a,
author={Vermeesch, P. and Fenton, C. and Kober, F. and Bristow, C.S. and 
Wiggs, G. and Schnabel, C.},
year={2010}, 
title={1 {M}yr residence time of sand in the {N}amib {S}and {S}ea},
journal={Nature (in preparation)}
}

@Article{vermeersch2001,
author={Vermeersch, P.M.},
year=2001,
title={`Out of {A}frica' from an Egyptian point of view},
journal={Quaternary International},
volume=75,
pages={103-112}
}

@article{villa1994,
author={Villa, I.M.},
year=1994,
title={Multipath {A}r transport in {K}-feldspar deduced from isothermal heating experiments},
journal={Earth and Planetary Science Letters},
volume=122,
pages={393-401}
}

@article{villa1998,
author={Villa, I.M.},
year=1998,
title={Isotopic closure},
journal={Terra Nova},
volume=10,
pages={42-47}
}

@article{villa2006,
author={Villa, I.M.},
year=2006,
title={From nanometer to megameter: {I}sotopes, atomic-scale processes and
continent-scale tectonic models},
journal={Lithos},
volume=87,
pages={155-173}
}

@ARTICLE{vonblanckenburg2005,
   author = {{von Blanckenburg}, F.},
    title = "{The control mechanisms of erosion and weathering at basin scale from cosmogenic nuclides in river sediment}",
  journal = {Earth and Planetary Science Letters},
     year = 2005,
    month = sep,
   volume = 237,
    pages = {462-479},
      doi = {10.1016/j.epsl.2005.06.030},
   adsurl = {http://adsabs.harvard.edu/abs/2005E%26PSL.237..462V},
  adsnote = {Provided by the SAO/NASA Astrophysics Data System}
}

@ARTICLE{wagner1972,
   author = {{Wagner}, G.~A. and {Reimer}, G.~M.},
    title = "{Fission track tectonics: The tectonic interpretation
 of fission track apatite ages}",
  journal = {Earth and Planetary Science Letters},
     year = 1972,
   volume = 14,
    pages = {263-268},
      doi = {10.1016/0012-821X(72)90018-0},
}

@Incollection{walker1979, 
author={Walker, T.R.},  
year={1979}, 
title={Red colour in eolian sand},
boobktitle={A Study of Global Sand Seas, {USGS} {P}rofessional {P}aper 1052},
editor={McKee, E.D.}, 
pages={62-81}}

@Article{ward1988, 
author={Ward, J.D.}, 
year={1988}, 
title={Eolian,  fluvial and pan (playa) facies of the
  {T}ertiary {T}sondab  {S}andstone {F}ormation  in the central  {N}amib desert, {N}amibia}, 
journal={Sedimentary Geology},
volume={55}, 
pages={143-162}}

@Article{warren2007,
   author = {{Warren}, A. and {Chappell}, A. and {Todd}, M.~C. and {Bristow}, C. and 
	{Drake}, N. and {Engelstaedter}, S. and {Martins}, V. and {M'bainayel}, S. and 
	{Washington}, R.},
    title = "{Dust-raising in the dustiest place on earth}",
  journal = {Geomorphology},
     year = 2007,
    month = nov,
   volume = 92,
    pages = {25-37},
      doi = {10.1016/j.geomorph.2007.02.007},
   adsurl = {http://adsabs.harvard.edu/abs/2007Geomo..92...25W},
  adsnote = {Provided by the SAO/NASA Astrophysics Data System}
}

@article{wartho1996,
author={Wartho, J.A. and Rex, D.C. and Guise, P.G.},
year=1996,
title={Excess argon in amphiboles linked to
greenschist facies alteration in the {K}amila amphibolite belt, {K}ohistan
island arc system, northern {P}akistan; insights from $^{40}${A}r/$^{39}${A}r
step-heating and acid leaching experiments},
journal={Geological Magazine},
volume=133,
number=5,
pages={595-609}
}

@Article{washington2006,
   author = {{Washington}, R. and {Todd}, M.~C. and {Lizcano}, G. and {Tegen}, I. and 
	{Flamant}, C. and {Koren}, I. and {Ginoux}, P. and {Engelstaedter}, S. and 
	{Bristow}, C.~S. and {Zender}, C.~S. and {Goudie}, A.~S. and 
	{Warren}, A. and {Prospero}, J.~M.},
    title = "{Links between topography, wind, deflation, lakes and dust: The case of the Bod{\'e}l{\'e} Depression, Chad}",
  journal = {Geophysical Research Letters},
     year = 2006,
   volume = 33,
    pages = {9401},
      doi = {10.1029/2006GL025827},
}

@Article{weislogel2006, 
author={ Weislogel, A.L. and  Graham, S.A. and  Chang, E.Z. and 
Wooden, J.L. and  Gehrels, G.E. and  Yang, H.}, 
year={2006},   
title={Detrital zircon provenance of  the {L}ate {T}riassic  {S}ongpan-{G}anzi complex: Sedimentary
  record of collision of the {N}orth and {S}outh {C}hina blocks},
journal={Geology}, 
volume={34},
pages={97-100}}

@Article{white2007, 
author={White, K. and Walden,  J. and  Gurney, S.D.}, 
year={2007}, 
title={Spectral properties,
  iron oxide content and provenance of {N}amib dune sands}, 
journal={Geomorphology},
volume={86}, 
pages={219-229}}

@article{wilson2008,
author = {{Wilson}, P. and {Bentley}, M. and {Schnabel}, C. and
 {Clark}, R. and {Xu}, S.},
year=2008,
title = {{Stone} run (block stream) formation in the {F}alkland {I}slands 
over several cold stages, deduced from cosmogenic isotope ($^{10}${B}e 
and $^{26}${A}l) surface exposure dating},
journal = {Journal of Quaternary Science},
volume={23},
pages={461-473}}

@ARTICLE{wobus2003,
   author = {{Wobus}, C.~W. and {Hodges}, K.~V. and {Whipple}, K.~X.},
    title = "{Has focused denudation sustained active thrusting 
at the Himalayan topographic front?}",
  journal = {Geology},
     year = 2003,
    month = oct,
   volume = 31,
    pages = {861-864},
      doi = {10.1130/G19730.1},
}

@ARTICLE{zeitler1986,
   author = {{Zeitler}, P.~K. and {Fitz Gerald}, J.~D.},
    title = "{Saddle-shaped $^{40}${A}r/$^{39}${A}r age spectra from young, microstructurally complex potassium feldspars}",
  journal = {Geochimica et Cosmochimica Acta},
     year = 1986,
   volume = 50,
    pages = {1185-1199},
      doi = {10.1016/0016-7037(86)90401-1},
}

@book{ziliak2008,
author={Ziliak, S. T. and McCloskey, D. N.}, 
year=2008,
title={The cult of statistical significance: 
how the standard error costs us jobs, justice, and lives}, 
publisher={University of Michigan Press}, 
pages={321p}
}