@book{aitchison1986,
author = {Aitchison, J.},
year = {1986},
title = {The statistical analysis of compositional data},
publisher = {London, Chapman and Hall}, 
pages = {416}
}

@Article{alpert2001,
   author = {{Alpert}, P. and {Ganor}, E.},
    title = "{Sahara mineral dust measurements from TOMS: 
Comparison to surface observations over the Middle East for the 
extreme dust storm, March 14-17, 1998}",
  journal = {Journal of Geophysical Research},
     year = 2001,
   volume = 106,
    pages = {18275-18286},
      doi = {10.1029/2000JD900366},
   adsurl = {http://adsabs.harvard.edu/abs/2001JGR...10618275A},
  adsnote = {Provided by the SAO/NASA Astrophysics Data System}
}

@Article{amidon2005, 
author={Amidon, W.  H. and  Burbank, D.   W. and Gehrels,  G. E.},
year=2005,
title={Construction of  detrital mineral populations:  insights from mixing
  of  {U}-{P}b  zircon  ages  in  {H}imalayan rivers},
journal={Basin  Research},
volume=17,
pages={463-485}}

@Article{amidon2008,
  author = 	 {Amidon, W.H. and Farley, K.A. and Burbank, D.W. and Pratt-Sitaula, B.},
  title =	 {Anomalous cosmogenic $^3${H}e production and elevation
                  scaling in the high {H}imalaya},
  journal = 	 {Earth and Planetary Science Letters},
  year = 	 2008,
  volume = 	 265,
  number = 	 {1-2},
  pages = 	 {287-301}}

@Article{amidon2009,
author= {Amidon, W.H. and Rood, D.H. and Farley, K.A.}, 
title = {Cosmogenic $^3${H}e and $^{21}${N}e production rates calibrated against
$^{10}${B}e in minerals from the {C}oso volcanic field}, 
journal = {Earth and Planetary Science Letters (in press)},
year = {2009}, 
doi = {10.1016/j.epsl.2009.01.031},
}

@Article{anderson1999,
   author = {{Anderson}, G. and {Johnson}, H.},
    title = "{A new statistical test for static stress triggering: 
Application to the 1987 Superstition Hills earthquake sequence}",
  journal = {Journal of Geophysical Research},
     year = 1999,
   volume = 104,
    pages = {20153-20168},
      doi = {10.1029/1999JB900200},
   adsurl = {http://adsabs.harvard.edu/abs/1999JGR...10420153A},
  adsnote = {Provided by the SAO/NASA Astrophysics Data System}
}

@article{armitage2007,
title = "Multiple phases of North African humidity recorded in lacustrine sediments from the Fazzan Basin, Libyan Sahara",
journal = "Quaternary Geochronology",
volume = "2",
number = "1-4",
pages = "181 - 186",
year = "2007",
note = "LED 2005, 11th International Conference on Luminescence and Electron Spin Resonance Dating",
issn = "1871-1014",
doi = "DOI: 10.1016/j.quageo.2006.05.019",
url = "http://www.sciencedirect.com/science/article/B83WJ-4K8SCB9-6/2/d20d7ea7aacf455d1134d50c4fab9a12",
author = "S.J. Armitage and N.A. Drake and S. Stokes and A. El-Hawat and M.J. Salem and K. White and P. Turner and S.J. McLaren",
keywords = "Libya",
keywords = "Sahara",
keywords = "Palaeolake",
keywords = "Fazzan",
keywords = "Optically stimulated luminescence dating"
}

@Article{baur1980,
author={Baur, H.},
year={1980},
title={Numerische Simulation und praktische Erprobung einer 
rotationssymmetrischen Ionenquelle f\"{u}r Gasmassenspektrometer},
journal={Ph.D. Thesis, ETH-Z\"{u}rich},
volume={No. 6596}}

@Article{baur1999,
author= {Baur, H.},
year=1999,
title={A noble-gas mass spectrometer compressor source with two orders
of magnitude improvement in sensitivity},
journal={EOS, Transactions of the American Geophysical Union},
volume={80},
pages={F1118}}

@Article{becker2006, 
author={Becker, T. and Schreiber,  U. and Kampunzu, A.B. and Armstrong, R.},
year={2006},
title={Mesoproterozoic rocks  of {N}amibia and their  plate tectonic setting},
journal={Journal of African Earth Sciences},
volume={46},
pages={112-140}}
  
@Article{besler1980, 
author={Besler,  H.},
year=1980,
title={Die {d\"{u}}nen-{N}amib:  {E}ntstehung und dynamik eines  {E}rgs},
journal={{S}tuttgarter  {G}eographische  {S}tudien, {G}eographisches
  {I}nstitut der {U}niversit{\"{a}}t {S}tuttgart},
volume=96,
pages={145p.}}
  
@Article{bluck2007, 
author={Bluck, B. J. and Ward, J.  D. and Cartwright, J. and Swart, R.}, 
year=2007,
title={The  {O}range  {R}iver,  southern   {A}frica:  an  extreme  example  of  a
  wave-dominated  sediment  dispersal  system  in the  {S}outh  {A}tlantic
  {O}cean}, 
journal={Journal of the Geological Society}, 
volume=164,
pages={341-351}}

@Incollection{breed1979, 
author={Breed, C.S. and Fryberger, S.G. and Andrews, S. and McCauley, C.
and Lennartz, F. and Gebel, D. and Horstman, K.},  
year={1979}, 
title={Regional studies of sand seas using {L}andsat ({ERTS}) imagery},
booktitle={A Study of Global Sand Seas, {USGS} {P}rofessional {P}aper 1052},
editor={McKee, E.D.}, 
pages={346-355}}

@Article{bristow2007, 
author={Bristow, C. S. and Duller, G.  A. T. and Lancaster, N.}, 
year={2007},
title={Age and dynamics  of linear dunes in  the {N}amib {D}esert},  
journal={Geology},
volume={35},
pages={555-558}}

@Article{bristow2000,
author={Bristow, C.S. and Balley, S.D. and Lancaster, N.},
year={2000},
title={The sedimentary structure of linear sand dunes},
journal={Nature},
volume={406},
pages={56-59}}

@Article{brown2000,
author={Brown, E. T. and Trull, T. W. and Jean-Baptiste, P. and Raisbeck, G. and Bourl\`{e}s, D.
and Yiou, F. and Marty, B.},
year={2000},
title={Determination of cosmogenic production rates of $^{10}${B}e, $^{3}${H}e and $^3${H} in water},
journal={Nuclear Instruments and Methods in Physics Research Section B},
volume={172}, 
issue={1-4}, 
pages={873-883}}

@ARTICLE{campbell2005,
   author = {{Campbell}, I.~H. and {Reiners}, P.~W. and {Allen}, C.~M. and 
	{Nicolescu}, S. and {Upadhyay}, R.},
    title = "{He Pb double dating of detrital zircons from the Ganges and Indus Rivers: Implication for quantifying sediment recycling and provenance studies}",
  journal = {Earth and Planetary Science Letters},
     year = 2005,
    month = sep,
   volume = 237,
    pages = {402-432},
      doi = {10.1016/j.epsl.2005.06.043},
   adsurl = {http://adsabs.harvard.edu/abs/2005E%26PSL.237..402C},
  adsnote = {Provided by the SAO/NASA Astrophysics Data System}
}

@Article{cerling1994,
   author = {{Cerling}, T.~E. and {Craig}, H.},
    title = "{Geomorphology and In-Situ Cosmogenic Isotopes}",
  journal = {Annual Review of Earth and Planetary Sciences},
     year = 1994,
   volume = 22,
    pages = {273-317},
      doi = {10.1146/annurev.ea.22.050194.001421},
   adsurl = {http://adsabs.harvard.edu/abs/1994AREPS..22..273C},
  adsnote = {Provided by the SAO/NASA Astrophysics Data System}
}

@Article{chappell2008,
   author = {{Chappell}, A. and {Warren}, A. and {O'Donoghue}, A. and {Robinson}, A. and 
	{Thomas}, A. and {Bristow}, C.},
    title = "{The implications for dust emission modeling of spatial and vertical variations in 
horizontal dust flux and particle size in the Bod{\'e}l{\'e} Depression, Northern Chad}",
  journal = {Journal of Geophysical Research (Atmospheres)},
 keywords = {Atmospheric Composition and Structure: Aerosols and particles (0345, 4801, 4906), 
Atmospheric Processes: Land/atmosphere interactions (1218, 1631, 1843), Atmospheric Processes: Radiative processes, 
Geographic Location: Africa},
     year = 2008,
    month = feb,
   volume = 113,
   number = D12,
    pages = {D04214},
      doi = {10.1029/2007JD009032},
   adsurl = {http://adsabs.harvard.edu/abs/2008JGRD..11304214C},
  adsnote = {Provided by the SAO/NASA Astrophysics Data System}
}

@Article{compton2007, 
author={Compton, J.S. and Maake, L.}, 
year={2007},
title={Source of the suspended load
  of the  upper {O}range {R}iver,  {S}outh {A}frica}, 
journal={South African  Journal of Geology}, 
volume={110},
pages={339-348}}
  
@Article{degraaffsurpless2003, 
author={DeGraaff-Surpless,   K. and  Mahoney,   J.  B. and  Wooden,   J.  L. and
  McWilliams,  M. O.},  
year={2003},
title={Lithofacies control  in detrital  zircon
  provenance  studies:  {I}nsights  from  the {C}retaceous  {M}ethow  basin,
  southern   {C}anadian  {C}ordillera},   
journal={Geological  Society   of  America  Bulletin}, 
volume={115}, 
pages={899-915}}

@ARTICLE{demenocal2000,
   author = {{Demenocal}, P.},
    title = "{Abrupt onset and termination of the African Humid Period: rapid climate responses to gradual insolation forcing}",
  journal = {Quaternary Science Reviews},
     year = 2000,
    month = jan,
   volume = 19,
    pages = {347-361},
      doi = {10.1016/S0277-3791(99)00081-5},
   adsurl = {http://adsabs.harvard.edu/abs/2000QSRv...19..347D},
  adsnote = {Provided by the SAO/NASA Astrophysics Data System}
}

@Article{denoblet2000,
   author = {{de Noblet-Ducoudr{\'e}}, N. and {Claussen}, M. and {Prentice}, C.},
    title = "{Mid-Holocene greening of the Sahara: first results of the GAIM 6000 year BP 
              Experiment with two asynchronously coupled atmosphere/biome models}",
  journal = {Climate Dynamics},
     year = 2000,
   volume = 16,
    pages = {643-659},
      doi = {10.1007/s003820000074},
   adsurl = {http://adsabs.harvard.edu/abs/2000ClDy...16..643D},
  adsnote = {Provided by the SAO/NASA Astrophysics Data System}
}

@Article{desilets2003,
  author = 	 {Desilets, D. and Zreda, M.},
  title = 	 {Spatial and temporal distribution of
secondary cosmic-ray nucleon intensities and applications to
in situ cosmogenic dating},
  journal = 	 {Earth and Planetary Science Letters},
  year = 	 {2003},
  OPTvolume = 	 {206},
  OPTpages = 	 {21-42},
}

@Article{desilets2006a,
   author = {{Desilets}, D. and {Zreda}, M. and {Prabu}, T.},
    title = "{Extended scaling factors for in situ cosmogenic nuclides: New measurements at low latitude}",
  journal = {Earth and Planetary Science Letters},
     year = 2006,
   volume = 246,
    pages = {265-276},
      doi = {10.1016/j.epsl.2006.03.051},
   adsurl = {http://adsabs.harvard.edu/abs/2006E%26PSL.246..265D},
  adsnote = {Provided by the SAO/NASA Astrophysics Data System}
}

@Article{desilets2006b,
  author = 	 {Desilets, D. and Zreda, M.},
  title = 	 {Elevation dependence of cosmogenic $^{36}${C}l production in {H}awaiian lava flows},
  journal = 	 {Earth and Planetary Science Letters},
  year = 	 2006,
  volume =	 246,
  pages =	 {277-287}
}

@Article{devilliers2000, 
author={de  Villiers, S. and  Compton, J. S. and  and Lavelle, M.},  
year={2000},
title={The strontium isotope systematics of  the {O}range {R}iver, {S}outhern {A}frica},
journal={South African Journal of Geology}, 
volume={103}, 
pages={237-248}}

@Article{dickinson2003, 
author={Dickinson, W.  R. and Gehrels,  G.  E.}, 
year={2003},
title={U-{P}b ages  of
  detrital zircons from {P}ermian  and {J}urassic eolian sandstones of the
  {C}olorado  {P}lateau,  {USA}:  paleogeographic implications},  
journal={Sedimentary Geology}, 
volume={163}, 
pages={29-66}}

@Article{drake2006, 
author={Drake,  N. and  Bristow, C.}, 
year={2006},
title={Shorelines in the {S}ahara:  geomorphological evidence for an  enhanced monsoon from
  palaeolake {M}egachad},
journal={The Holocene}, 
volume={16}, 
pages={901-911}}

@Article{drake2008,
author={Drake, N.A. and El-Hawat, A.S. and Salem M.J.}, 
year = {2008},
title="{The Development, Decline and Demise of the As Sahabi River System over the 
Last Seven Million Years}", 
journal="{Garyounis Scientific Bulletin}",
number={Special Issue 5}, 
pages={95-109}
}

@Article{dunai2000,
author={Dunai, T.J.},
year=2000,
title={Scaling factors for production rates of in situ produced cosmogenic nuclides:
a critical reevaluation},
journal={Earth and Planetary Science Letters},
volume=176,
pages={157-169}}

@Article{dunai2000b,
   author = {{Dunai}, T.~J. and {Wijbrans}, J.~R.},
    title = "{Long-term cosmogenic $^{3}$He production rates (152 ka-1.35 Ma) 
from $^{40}$Ar/$^{39}$Ar dated basalt flows at 29{$^{\circ}$}N latitude}",
  journal = {Earth and Planetary Science Letters},
     year = 2000,
    month = feb,
   volume = 176,
    pages = {147-156},
      doi = {10.1016/S0012-821X(99)00308-8},
   adsurl = {http://adsabs.harvard.edu/abs/2000E%26PSL.176..147D},
  adsnote = {Provided by the SAO/NASA Astrophysics Data System}
}

@Article{dunai2001,
  author = 	 {Dunai, T.J.},
  title = 	 {Influence of secular variation of the geomagnetic field on
production rates of in situ produced cosmogenic nuclides},
  journal = 	 {Earth and Planetary Science Letters},
  year = 	 {2001},
  volume = 	 {193},
  pages = 	 {197-212},
}

@Article{elbelrhiti2005,
   author = {{Elbelrhiti}, H. and {Claudin}, P. and {Andreotti}, B.},
    title = "{Field evidence for surface-wave-induced instability of sand dunes}",
  journal = {Nature},
     year = 2005,
    month = sep,
   volume = 437,
    pages = {720-723},
      doi = {10.1038/nature04058},
   adsurl = {http://adsabs.harvard.edu/abs/2005Natur.437..720E},
  adsnote = {Provided by the SAO/NASA Astrophysics Data System}
}

@book{embabi2004,
author={Embabi, N. S.},
year=2004,
title="{Vol. 1, the Nile valley and the Western Desert}",
series="{The Geomorphology of Egypt, Landform and Evolution}",
publisher="{The Egyptian Geographical Society Special Publication},
pages={447}}

@article{engelstaedter2006,
author = "Engelstaedter, S. and Tegen, I. and Washington, R.",
title = "North African dust emissions and transport",
journal = "Earth-Science Reviews",
volume = "79",
number = "1-2",
pages = "73 - 100",
year = "2006",
note = "",
issn = "0012-8252",
doi = "DOI: 10.1016/j.earscirev.2006.06.004",
url = "http://www.sciencedirect.com/science/article/B6V62-4KSD898-1/2/e725c6474b1848c9787b8b259dc59c8d",
}

@article{falkowski1998,
author = {Falkowski, Paul G. and Barber, Richard T. and Smetacek, Victor},
title = {{Biogeochemical Controls and Feedbacks on Ocean Primary Production}},
journal = {Science},
volume = {281},
number = {5374},
pages = {200-206},
doi = {10.1126/science.281.5374.200},
year = {1998},
URL = {http://www.sciencemag.org/cgi/content/abstract/281/5374/200},
eprint = {http://www.sciencemag.org/cgi/reprint/281/5374/200.pdf}
}

@Article{feller1948, 
author={Feller,  W.}, 
year={1948}, 
title={On the {K}olmogorov-{S}mirnov  limit theorems for
  empirical distributions},  
journal={The Annals of  Mathematical Statistics}, 
volume={19},
pages={177-189}}

@Article{fitzgerald2006,
author = {Fitzgerald, P. G.  and Baldwin, S. L. and Webb, L. E. and O'Sullivan, P. B.},
year = 2006,
title = "{Interpretation of (U-Th)/He single grain ages from slowly cooled crustal 
terranes: A case study from the Transantarctic Mountains of southern Victoria Land.}" 
journal = {Chemical Geology}
volume = {225}, 
pages = {91-120}
}

@Article{folk1976, 
author={Folk, R.L.}, 
year={1976},  
title={Reddening of  desert sands:  {S}impson {D}esert,
  {N}orthern {T}erritory, {A}ustralia}, 
journal={Journal of Sedimentary Petrology}, 
volume={46}, 
pages={604-615}}
  
@Article{froude1983, 
author={Froude,  D.O. and  Ireland,  T.R. and Kinny,  P.D. and  Williams,  I.S. and
  Compston W.},  
year={1983},  
title={Ion microprobe identification  of 4100-4200 {M}yr
  old terrestrial zircons}, 
journal={Nature}, 
volume={304}, 
pages={616-618}}
  
@Article{fryberger1979, 
author={Fryberger, S.G. and  Ahlbrandt,  T.S.}, 
year={1979},   
title={Mechanisms for  the formation of sand seas},
journal={Zeitschrift f{\"{u}}r {G}eomorphologie}, 
volume={23}, 
pages={440-460}}

@Article{galbraith1990a,
author={Galbraith, R. F.}, 
year={1990},
title={The radial plot: graphical assessment of spread in ages}, 
journal={Nuclear Tracks and Radiation Measurements}, 
volume=17, 
pages={207-214}
}

@Article{galbraith1990b,
author = {Galbraith, R. F. and Green, P. F.}, 
year = {1990},
title = {Estimating the component ages in a finite mixture}, 
journal = {Nuclear Tracks and Radiation Measurements}, 
volume = 17, 
pages = {197-206}
}

@Article{galbraith1998, 
author={Galbraith,  R.F.},   
year={1998},  
title={The  trouble  with
  ``probability density'' plots of fission track ages}, 
volume={29}, 
journal={Radiation Measurements},
pages={125-131.}}

@Article{garzanti2006,
   author = {{Garzanti}, E. and {And{\`o}}, S. and {Vezzoli}, G. and {Ali Abdel Megid}, A. and 
	{El Kammar}, A.},
    title = "{Petrology of Nile River sands (Ethiopia and Sudan): Sediment budgets and erosion patterns}",
  journal = {Earth and Planetary Science Letters},
     year = 2006,
    month = dec,
   volume = 252,
    pages = {327-341},
      doi = {10.1016/j.epsl.2006.10.001},
   adsurl = {http://adsabs.harvard.edu/abs/2006E%26PSL.252..327G},
  adsnote = {Provided by the SAO/NASA Astrophysics Data System}
}

@Incollection{garzanti2007, 
author={Garzanti,  E.  and And{\`{o}}, S.}, 
year={2007},
editor={Mange, M. and Wright, D.},
booktitle={Heavy Minerals in Use, {D}evelopments in {S}edimentology {S}eries 58}, 
title={Heavy-mineral concentration in
  modern  sands: implications  for provenance  interpretation},
publisher={Elsevier, Amsterdam}, 
pages={517-545}}

@Article{gaven1981,
   author = {{Gaven}, C. and {Hillaire-Marcel}, C. and {Petit-Maire}, N.},
    title = "{A Pleistocene lacustrine episode in southeastern Libya}",
  journal = {Nature},
     year = 1981,
    month = mar,
   volume = 290,
    pages = {131-133},
      doi = {10.1038/290131a0},
   adsurl = {http://adsabs.harvard.edu/abs/1981Natur.290..131G},
  adsnote = {Provided by the SAO/NASA Astrophysics Data System}
}
  
@Article{geyer2005, 
author={Geyer,   G.},  
year={2005},  
title={The   {F}ish  {R}iver  {S}ubgroup   in  {N}amibia:
  stratigraphy, depositional environments and the {P}roterozoic-{C}ambrian
  boundary problem revisited}, 
journal={Geological Magazine},
volume={142},
pages={465-498}}

@Article{giles2005,
author = {Giles, J.}, 
year={2005},
title={The dustiest place on earth}, 
journal={Nature},
volume={434}, 
pages={816-819}}

@Article{goethals2009,
author = {Goethals, M. M. and Hetzel, R. and Niedermann, S. and Wittmann, H. 
          and Fenton, C. R. and Christl, M. and Kubik, P. W. and von Blanckenburg F.},
title = {An accurate experimental determination of cosmogenic $^{10}${B}e/$^{21}${N}e 
         and $^{26}${A}l/$^{21}${N}e production ratios in quartz},
journal = {Earth and Planetary Science Letters},
pages = {(in revision)},
year = 	 {2009}
}

@Incollection{gower1997, 
author={Gower,  J.  C.},   
year={1997},  
booktitle={Encyclopedia of {B}iostatistics},
editor={P. Armitage and T. Colton. J. A.},
title={Principal  coordinates  analysis},
publisher={Wiley},
pages={3514-3518}}

@Article{graf1996,
author={Graf, T. and Marti, K. and Wiens, R.C.}, 
year={1996},
title={The $^{21}${N}e production rate in a {S}i target at mountain altitudes},
journal={Radiocarbon},
volume={38},
issue={1},
pages={155}}

@Article{graham2000,
author={Graham, I. J. and Barry, B. J. and Ditchburn, R. G. and Whitehead, N. E.}, 
year={2000},
title={Validation of cosmogenic nuclide production rate scaling factors through direct measurement},
journal={Nuclear Instruments and Methods in Physics Research Section B}, 
volume={172},
issue={1-4},
pages={802-805}}

@Article{griffin2002,
author={Griffin, D. L.},
title={Aridity and humidity: two aspects of the late Miocene climate
of North Africa and the Mediterranean},
journal={Palaeogeography, Palaeoclimatology, Palaeoecology},
year={2002},
volume={182},
pages={65-91}}

@Article{griffin2006,
author={Griffin, D. L.},
title={The late Neogene Sahabi rivers of the Sahara and their climatic and environmental
implications for the Chad Basin},
journal={Journal of the Geological Society},
year={2006},
volume={163},
issue=6,
pages={905-921},
doi={doi:10.1144/0016-76492005-049}}

@Article{hartnady1985, 
author={Hartnady,  C. and  Joubert,   P. and  Stowe,  C.},  
year={1985},  
title={Proterozoic evolution in {S}outhwestern {A}frica}, 
journal={Episodes}, 
volume={8}, 
pages={236-244}}

@Book{hastie2001, 
author={Hastie, T. and  Tibshirani, R. and Friedman, J.}, 
year={2001},
title={The elements of  statistical learning},  
series={Springer  Series in  Statistics},
publisher={Springer Verlag, Berlin}, 
pages={533p.}}

@Article{herman1997,
   author = {{Herman}, J.~R. and {Bhartia}, P.~K. and {Torres}, O. and {Hsu}, C. and 
	{Seftor}, C. and {Celarier}, E.},
    title = "{Global distribution of UV-absorbing aerosols from Nimbus 7/TOMS data}",
  journal = {Journal of Geophysical Research},
 keywords = {Atmospheric Composition and Structure: General or miscellaneous},
     year = 1997,
    month = jul,
   volume = 102,
    pages = {16911-16922},
      doi = {10.1029/96JD03680},
   adsurl = {http://adsabs.harvard.edu/abs/1997JGR...10216911H},
  adsnote = {Provided by the SAO/NASA Astrophysics Data System}
}

@article{hormes2001,
author = {Hormes, Anne and Muller, Benjamin U. and Schluchter, Christian},
title = {{The Alps with little ice: evidence for eight Holocene phases of reduced
glacier extent in the Central Swiss Alps}},
journal = {The Holocene},
volume = {11},
number = {3},
pages = {255-265},
doi = {10.1191/095968301675275728},
year = {2001}}

@ARTICLE{house2000,
   author = {{House}, M.~A. and {Farley}, K.~A. and {Stockli}, D.},
    title = "{Helium chronometry of apatite and titanite using Nd-YAG laser heating}",
  journal = {Earth and Planetary Science Letters},
     year = 2000,
    month = dec,
   volume = 183,
    pages = {365-368},
      doi = {10.1016/S0012-821X(00)00286-7},
   adsurl = {http://adsabs.harvard.edu/abs/2000E%26PSL.183..365H},
  adsnote = {Provided by the SAO/NASA Astrophysics Data System}
}

@ARTICLE{hsu2004,
   author = {{Hsu}, N.~C. and {Tsay}, S.-C. and {King}, M.~D. and {Herman}, J.~R.
	},
    title = "{Aerosol Properties Over Bright-Reflecting Source Regions}",
  journal = {IEEE Transactions on Geoscience and Remote Sensing},
     year = 2004,
    month = mar,
   volume = 42,
    pages = {557-569},
      doi = {10.1109/TGRS.2004.824067},
   adsurl = {http://adsabs.harvard.edu/abs/2004ITGRS..42..557H},
  adsnote = {Provided by the SAO/NASA Astrophysics Data System}
}

@Article{hurford1984, 
author={Hurford, A.J. and Fitch, F.J.  and Clarke, A.}, 
year={1984},  
title={Resolution of
  the age  structure of the  detrital zircon populations of  two {L}ower
  {C}retaceous  sandstones from the  {W}eald of  {E}ngland by  fission track dating},
journal={Geological Magazine}, 
volume={121}, 
pages={269-396}}
  
@Article{johnson1991, 
author={Johnson, M.R.}, 
year={1991}, 
title={Sandstone petrography, provenance and plate
  tectonic setting in {G}ondwana  context of the southeastern {C}ape-{K}aroo {B}asin}, 
journal={South African Journal of Geology}, 
volume={94}, 
pages={137-154}}
  
@Article{jung2001, 
author={Jung,  S. and Mezger,  K.}, 
year={2001}, 
title={Geochronology  in migmatites  -- a
  {S}m-{N}d,  {U}-{P}b  and  {R}b-{S}r  study  from the  {P}roterozoic  {D}amara  belt
  ({N}amibia): implications  for polyphase development  of migmatites in
  high-grade terranes}, 
journal={Journal of Metamorphic Geology}, 
volume={19},
pages={77-97}}

@Article{kober2004,
author= {Kober, F.},
year=2004,
title={Quantitative analysis of the topographic evolution of the {A}ndes of northern {C}hile using cosmogenic nuclides},
journal={PhD thesis, ETH-Z\"{u}rich},
volume={No. 15858}}

@Book{kruskal1978, 
author={Kruskal,  J. B. and  Wish, M.}, 
year={1978},  
title={Multidimensional scaling},
series={Sage  University Paper  series  on Quantitative  Application in  the
  Social   Sciences},   
volume={07-011},
publisher={Sage Publications, Beverly Hills and London}, 
pages={93p.}}

@Article{kuper2006,
   author = {{Kuper}, R. and {Kr{\"o}pelin}, S.},
    title = "{Climate-Controlled Holocene Occupation in the Sahara: Motor of Africa's Evolution}",
  journal = {Science},
     year = 2006,
    month = aug,
   volume = 313,
    pages = {803-807},
      doi = {10.1126/science.1130989},
   adsurl = {http://adsabs.harvard.edu/abs/2006Sci...313..803K},
  adsnote = {Provided by the SAO/NASA Astrophysics Data System}
}
  
@Article{kurszlaukis1998, 
author={Kurszlaukis, S. and Franz, L. and Lorenz, V.}, 
year={1998}, 
title={On the volcanology
  of the {G}ibeon {K}imberlite  {F}ield, {N}amibia}, 
journal={Journal of Volcanology and
  Geothermal Research}, 
volume={84},
pages={257-272}}

@Article{lal1960,
  title = {Cosmic-Ray Production Rates of {B}e$^7$ in Oxygen, and 
{P}$^{32}$, {P}$^{33}$, {S}$^{35}$ in Argon at Mountain Altitudes},
  author = {Lal, D.  and Arnold, J.R. and Honda, M.},
  journal = {Physical Review},
  volume = {118},
  number = {6},
  pages = {1626--1632},
  numpages = {6},
  year = {1960},
  doi = {10.1103/PhysRev.118.1626},
  publisher = {American Physical Society}
}

@Article{lal1991,
author={Lal, D.},
year={1991},
title={Cosmic ray labelling of erosion surfaces: {\it in situ} nuclide production
rates and erosion models},
journal={Earth and Planetary Science Letters},
volume={104},
pages={424-439}}

@Article{lancaster1983, 
author={Lancaster, N. and Ollier, C.D.}, 
year={1983}, 
title={Sources of sand for the Namib  sand  sea}, 
journal={Zeitschrift  f{\"{u}}r  {G}eomorphologie {S}upplementband},
volume={45},
pages={71-83}}
  
@Article{lancaster1985, 
author={Lancaster, N.},  
year={1985}, 
title={Winds and sand movement  in the {N}amib {S}and {S}ea},
journal={Earth Surface Processes and Landforms},
volume={10}, 
pages={607-619}}
  
@Book{lancaster1989, 
author={Lancaster, N.}, 
year={1989}, 
title={The {N}amib {S}and {S}ea -- dune forms, processes and sediments}, 
publisher={Balkema, Rotterdam}, 
pages={178p.}}

@Book{lancaster1995, 
author={Lancaster, N.}, 
year=1995, 
title={The geomorphology  of desert dunes}, 
publisher={Routledge}, 
pages={312p.}}

@Article{leprince2007,
   author = {Leprince, S. and {Barbot}, S. and {Ayoub}, F. and {Avouac}, J.-P.},
    title = "{Automatic and Precise Orthorectification, Coregistration, and Subpixel 
Correlation of Satellite Images, Application to Ground Deformation Measurements}",
  journal = {IEEE Transactions on Geoscience and Remote Sensing},
     year = 2007,
   volume = 45,
    pages = {1529-1558},
      doi = {10.1109/TGRS.2006.888937},
   adsurl = {http://adsabs.harvard.edu/abs/2007ITGRS..45.1529L},
  adsnote = {Provided by the SAO/NASA Astrophysics Data System}
}

@Article{leprince2008,
author={Leprince, S. and Berthier, E. and Ayoub, F. and Delacourt, C. and Avouac, J. P.}, 
year = 2008,
title={Monitoring Earth Surface Dynamics with Optical Imagery}, 
journal={EOS, Transactions, American Geophysical Union}, 
volume=89, 
pages={1-2}}

@Article{leya2009,
author = {Leya, I. and Masarik, J.},
title = {Cosmogenic nuclides in stony meteorites revisited},
journal = {Meteoritics and Planetary Science},  
pages = {(in revision)},
year = 	 {2009}
}

@Article{licciardi1999,
   author = {{Licciardi}, J.~M. and {Kurz}, M.~D. and {Clark}, P.~U. and 
	{Brook}, E.~J.},
    title = "{Calibration of cosmogenic $^{3}$He production rates 
from Holocene lava flows in Oregon, USA, and effects of the Earth's magnetic field}",
  journal = {Earth and Planetary Science Letters},
     year = 1999,
    month = oct,
   volume = 172,
    pages = {261-271},
      doi = {10.1016/S0012-821X(99)00204-6},
   adsurl = {http://adsabs.harvard.edu/abs/1999E%26PSL.172..261L},
  adsnote = {Provided by the SAO/NASA Astrophysics Data System}
}

@Article{lifton2008,
  author = 	 {Lifton, N. and Smart, D. F. and Shea, M. A.},
  title = 	 {Scaling time-integrated in situ cosmogenic nuclide production 
rates using a continuous magnetic model},
  journal = 	 {Earth and Planetary Science Letters},
  year = 	 2008,
  volume =	 268,
  pages =	 {190-201}
}

@Article{livingstone2007,
author ={Livingstone, I and Wiggs, G.F.S. and Weaver C.M.},
year={2007},
title={Geomorphology of desert sand dunes: {A} review of recent progress},
journal={Earth-Science Reviews},
volume={80},
pages={239-257}}

@Article{lorup1998,
   author = {{L$\o$rup}, J. and {Refsgaard}, J. and {Mazvimavi}, D.},
    title = "{Assessing the effect of land use change on catchment runoff by 
combined use of statistical tests and hydrological modelling: Case studies from Zimbabwe}",
  journal = {Journal of Hydrology},
     year = 1998,
   volume = 205,
    pages = {147-163},
      doi = {10.1016/S0168-1176(97)00311-9},
   adsurl = {http://adsabs.harvard.edu/abs/1998JHyd..205..147L},
  adsnote = {Provided by the SAO/NASA Astrophysics Data System}
}

@Article{ludwig2003, 
author={Ludwig,  K.R.},  
year={2003},  
title={IsoPlot  3.00  --  a  user's manual},
journal={Berkeley Geochronology Center Special Publication}}

@Article{ludwig1998,
   author = {{Ludwig}, K.~R.},
    title = "{On the treatment of concordant uranium-lead ages}",
  journal = {Geochimica et Cosmochimica Acta},
     year = 1998,
    month = feb,
   volume = 62,
    pages = {665-676},
      doi = {10.1016/S0016-7037(98)00059-3},
   adsurl = {http://adsabs.harvard.edu/abs/1998GeCoA..62..665L},
  adsnote = {Provided by the SAO/NASA Astrophysics Data System}
}

@Incollection{mainguet1984,
author={Mainguet, M.},
year={1984},
title={Space observations of {S}aharan aeolian dynamics},
editor={El Baz, F.},
pages={59-77},
publisher={Nijhoff, Den Haag},
booktitle={Deserts and Arid Lands},
}

@Article{masarik1995,
   author = {{Masarik}, J. and {Reedy}, R.~C.},
    title = "{Terrestrial cosmogenic-nuclide production systematics calculated from numerical simulations}",
  journal = {Earth and Planetary Science Letters},
     year = 1995,
   volume = 136,
    pages = {381-395},
      doi = {10.1016/0012-821X(95)00169-D},
   adsurl = {http://adsabs.harvard.edu/abs/1995E%26PSL.136..381M},
  adsnote = {Provided by the SAO/NASA Astrophysics Data System}
}

@Article{mccauley1982,
   author = {{McCauley}, J.~F. and {Schaber}, G.~G. and {Breed}, C.~S. and 
	{Grolier}, M.~J. and {Haynes}, C.~V. and {Issawi}, B. and {Elachi}, C. and 
	{Blom}, R.},
    title = "{Subsurface Valleys and Geoarcheology of the Eastern Sahara Revealed by Shuttle Radar}",
  journal = {Science},
     year = 1982,
    month = dec,
   volume = 218,
    pages = {1004-1020},
      doi = {10.1126/science.218.4576.1004},
   adsurl = {http://adsabs.harvard.edu/abs/1982Sci...218.1004M},
  adsnote = {Provided by the SAO/NASA Astrophysics Data System}
}

@Article{mcintyre1966,
   author = {{McIntyre}, G.~A. and {Brooks}, C. and {Compston}, W. and {Turek}, A.},
    title = "{The Statistical Assessment of Rb-Sr Isochrons}",
  journal = {Journal of Geophysical Research},
     year = 1966,
   volume = 71,
    pages = {5459-5468},
   adsurl = {http://adsabs.harvard.edu/abs/1966JGR....71.5459M},
  adsnote = {Provided by the SAO/NASA Astrophysics Data System}
}

@Article{mckee1982, 
author={McKee,  E.}, 
year={1982}, 
title={Sedimentary  structures in dunes of  the {N}amib
  {D}esert,  {S}outh  {W}est  {A}frica},
journal={Geological  Society  of  America Special Paper},
volume={188}, 
pages={64p.}}

@Article{moecher2006,
author={Moecher, D.P. and Samson, S.D.},
title={Differential zircon fertility of source terranes and natural bias 
in the detrital zircon record: {I}mplications for sedimentary provenance analysis},
journal={Earth and Planetary Science Letters},
year={2006},
volume={247},
pages={252-266}}

@Article{nicolai2008,
author={Nicolai, C.}, 
year = {2008},
title="{Tracing the As Sahabi Channel System in the Ajdabiya Trough}", 
journal="{Garyounis Scientific Bulletin}",
number={Special Issue 5}, 
pages={85-94}
}

@Article{niedermann1994,
  author =	 {Niedermann, S. and Graf, T. and Kim, J.S. and Kohl,
                  C.P. and Marti, K. and Nishiizumi, K.},
  title =	 {Cosmic-ray-produced $^{21}${N}e in terrestrial quartz:
                  the neon inventory of {S}ierra {N}evada quartz
                  separates},
  journal = 	 {Earth and Planetary Science Letters},
  year = 	 1994,
  volume = 	 125,
  number = 	 {1-4},
  pages = 	 {341-355}}

@Article{niedermann2000,
   author = {{Niedermann}, S.},
    title = "{The $^{21}${N}e production rate in quartz revisited}",
  journal = {Earth and Planetary Science Letters},
     year = 2000,
   volume = 183,
    pages = {361-364},
      doi = {10.1016/S0012-821X(00)00302-2},
   adsurl = {http://adsabs.harvard.edu/abs/2000E%26PSL.183..361N},
  adsnote = {Provided by the SAO/NASA Astrophysics Data System}
}

@Incollection{niedermann2002, 
author={Niedermann, S.},  
year={2002}, 
title="{Cosmic-Ray-Produced Noble Gases  in Terrestrial Rocks:
Dating Tools  for Surface Processes}",
boobktitle="{Noble Gases  in Geochemistry and  Cosmochemistry}",
editor={Porcelli, D. and Ballentine, C.  J. and  Wieler, R.}, 
series={Reviews in Mineralogy and Geochemistry},
volume={47}
pages={731-784}}

@Article{nishiizumi1996,
author={Nishiizumi, K. and Finkel, R. C. and Klein, J. and Kohl, C.P.},
year={1996},
title={Cosmogenic production of $^7${B}e and $^{10}${B}e in water targets}, 
journal={Journal of Geophysical Research},
volume={101}, 
pages={22,225-22,232}}

@Article{osborne2008,
author = {Osborne, Anne H. and Vance, Derek and Rohling, Eelco J. and Barton, Nick and Rogerson, Mike and Fello, Nuri},
title={{A humid corridor across the Sahara for the migration of early modern humans out of Africa 120,000 years ago}},
journal = {Proceedings of the National Academy of Sciences},
volume = 105,
number = 43,
pages = {16444-16447},
doi = {10.1073/pnas.0804472105},
year = 2008
}

@Article{ouldahmedou2007,
   author = {{Ould Ahmedou}, D. and {Ould Mahfoudh}, A. and {Dupont}, P. and 
	{Ould El Moctar}, A. and {Valance}, A. and {Rasmussen}, K.~R.},
    title = "{Barchan dune mobility in Mauritania related to dune and interdune sand fluxes}",
  journal = {Journal of Geophysical Research (Earth Surface)},
     year = 2007,
    month = may,
   volume = 112,
   number = F11,
      doi = {10.1029/2006JF000500},
   adsurl = {http://adsabs.harvard.edu/abs/2007JGRF..11202016O},
  adsnote = {Provided by the SAO/NASA Astrophysics Data System}
}

@Article{pell1997, 
author={Pell, S.  D. and Williams, I.  S. and Chivas, A.  R.}, 
year={1997}, 
title={The use of
  protolith  zircon-age fingerprints  in  determining the  protosource
  areas  for some  {A}ustralian  dune sands},  
journal={Sedimentary Geology},  
volume={109},
pages={233-260.}}

@Article{pell2000, 
author={Pell, S. D. and Chivas, A.  R. and Williams, I. S.}, 
year={2000}, 
title={The {S}impson,
  {S}trzelecki  and  {T}irari {D}eserts:  development  and sand  provenance},
journal={Sedimentary Geology}, 
volume={130}, 
pages={107-130}}

@Article{pell2001, 
author={Pell,  S.  D. and Chivas,  A. R. and  Williams, I.  S.},  
year={2001}, 
title={The {M}allee {D}unefield:  development and sand provenance},  
journal={Journal of Arid Environments}, 
volume={48}, 
pages={149-170}}

@Article{pettitt1976, 
author={Pettitt,  A.  N.},  
year={1976},  
title={A  two-sample  {A}nderson-{D}arling  rank statistic}, 
journal={Biometrika}, 
volume={63}, 
pages={161-168}}

@Article{pigati2004,
  author = 	 {Pigati, J.S. and Lifton, N.A.},
  title =	 {Geomagnetic effects on time-integrated cosmogenic
                  nuclide production with emphasis on in situ $^{14}${C}
                  and $^{10}${B}e},
  journal = 	 {Earth and Planetary Science Letters},
  year = 	 2004,
  volume =	 226,
  pages =	 {193-205}
}

@Book{popper1959,
author={Popper, K. R.},
title={The logic of scientific discovery},
year={1959},
publisher={London: Hutchinson}
}

@Incollection{porcelli2002, 
author={Porcelli, D. and Ballentine, C. J. and Wieler, R.},  
year={2002}, 
title={An overview of Noble gas geochemistry and cosmochemistry},
boobktitle="{Noble Gases  in Geochemistry and  Cosmochemistry}",
editor={Porcelli, D. and Ballentine, C.  J. and  Wieler, R.}, 
series={Reviews in Mineralogy and Geochemistry},
volume={47}
pages={1-18}}

@Article{prospero2002,  author={Prospero,  J.M.  and  Ginoux,  P.  and
Torres,  O.   and  Nicholson,   S.E.  and  Gill   T.E.},  year={2002},
title="{Environmental   characterization    of   global   sources   of
atmospheric soil dust identified with the Nimbus 7 total ozone mapping
spectrometer (TOMS) absorbing aerosol product}",
year=2002, 
volume=40, 
number=1, 
journal={Reviews of Geophysics},
pages=2.1-2.31,
}

@article{prospero2003,
author = {Prospero, Joseph M. and Lamb, Peter J.},
title = {{African Droughts and Dust Transport to the Caribbean: Climate Change Implications}},
journal = {Science},
volume = {302},
number = {5647},
pages = {1024-1027},
doi = {10.1126/science.1089915},
year = {2003}}

@article{ramanathan2001,
author = {Ramanathan, V. and Crutzen, P. J. and Kiehl, J. T. and Rosenfeld, D.},
title = {{Aerosols, Climate, and the Hydrological Cycle}},
journal = {Science},
volume = {294},
number = {5549},
pages = {2119-2124},
doi = {10.1126/science.1064034},
year = {2001},
URL = {http://www.sciencemag.org/cgi/content/abstract/294/5549/2119},
eprint = {http://www.sciencemag.org/cgi/reprint/294/5549/2119.pdf}
}

@article{reimann2000,
author={Reimann, C. and Filzmoser, P.}, 
year=2000,
title={Normal and lognormal data distribution in geochemistry: death of a myth. 
Consequences for the statistical treatment of geochemical and environmental data}, 
journal={Earth and Environmental Science}, 
volume = {39},
number={9},
pages={1001-1014}
}

@Book{rice1995,
author={Rice, J. A.}, 
title={Mathematical Statistics and Data Analysis},
year={1995},
publisher={Duxbury, Pacific Grove, California}, 
pages={602p}
}

@Article{rogers1977, 
author={Rogers,  J.}, 
year={1977}, 
title={Sedimentation  on the continental  margin off
  the {O}range {R}iver and the {N}amib desert},
journal={Joint Geological Survey/UCT
  Marine Geoscience Group Bulletin}, 
volume={7}, 
pages={162p}}

@Article{sarnthein1978,
   author = {{Sarnthein}, M.},
    title = "{Sand deserts during glacial maximum and climatic optimum}",
  journal = {Nature},
     year = 1978,
    month = mar,
   volume = 272,
    pages = {43-46},
      doi = {10.1038/272043a0},
   adsurl = {http://adsabs.harvard.edu/abs/1978Natur.272...43S},
  adsnote = {Provided by the SAO/NASA Astrophysics Data System}
}

@Article{schaefer2000,
author={Sch\"{a}fer, J. M},
year={2000},
title={Reconstruction of landscape evolution and continental paleoglaciations using
in situ cosmogenic nuclides},
journal={Ph.D. Thesis, ETH-Z\"{u}rich},
volume={No. 13542}}

@Article{schepanski2007,
   author = {{Schepanski}, K. and {Tegen}, I. and {Laurent}, B. and {Heinold}, B. and 
	{Macke}, A.},
    title = "{A new Saharan dust source activation frequency map derived from MSG-SEVIRI IR-channels}",
  journal = {Geophysical Research Letters},
 keywords = {Atmospheric Composition and Structure: Aerosols and particles (0345, 4801, 4906), Atmospheric Processes: Remote sensing, Atmospheric Processes: Regional modeling},
     year = 2007,
    month = sep,
   volume = 34,
    pages = {18803-+},
      doi = {10.1029/2007GL030168},
   adsurl = {http://adsabs.harvard.edu/abs/2007GeoRL..3418803S},
  adsnote = {Provided by the SAO/NASA Astrophysics Data System}
}
  
@Book{schluter2006, 
author={Schl{\"{u}}ter,  T.}, 
year={2006},
title={Geological atlas of  {A}frica, with notes
  on  stratigraphy,   tectonics,  economic  geology,   geohazards  and
  geosites of each country}, 
publisher={Springer, Heidelberg}, 
pages={272p.}}

@Book{sengor2001,
author={\c{S}eng\"{o}r, A. M. C.},
year=2001,
title="{Is the present the key to the past or the past the key to the present? 
James Hutton and Adam Smith versus Abraham Gottlob Werner and Karl Marx in 
interpreting Earth history}",
series={Geological Society of America Special Paper},
volume=355, 
pages=51p}

@article{sharp1979,
author = {Sharp, R. P.},
title = {{Intradune flats of the Algodones chain, Imperial Valley, California}},
journal = {Geological Society of America Bulletin},
volume = {90},
number = {10},
pages = {908-916},
doi = {10.1130/0016-7606(1979)90<908:IFOTAC>2.0.CO;2},
year = {1979},
URL = {http://gsabulletin.gsapubs.org/cgi/content/abstract/90/10/908},
eprint = {http://gsabulletin.gsapubs.org/cgi/reprint/90/10/908.pdf}
}

@Article{shuster2005,
   author = {Shuster, D.L. and Farley, K.A.},
    title = {Diffusion kinetics of proton-induced $^{21}${N}e, $^{3}${H}e, and $^{4}${H}e in quartz},
  journal = {Geochimica et Cosmochimica Acta},
     year = {2005},
   volume = {69},
    pages = {2349-2359}}

@Article{shuster2006,
   author = {{Shuster}, D.~L. and {Flowers}, R.~M. and {Farley}, K.~A.},
    title = "{The influence of natural radiation damage on helium diffusion kinetics in apatite}",
  journal = {Earth and Planetary Science Letters},
     year = 2006,
    month = sep,
   volume = 249,
    pages = {148-161},
      doi = {10.1016/j.epsl.2006.07.028},
   adsurl = {http://adsabs.harvard.edu/abs/2006E%26PSL.249..148S},
  adsnote = {Provided by the SAO/NASA Astrophysics Data System}
}

@Article{sereno2008,
author={Sereno, P.C. and Garcea, E.A.A. and Jousse, H. and Stojanowski, C.M. and
Sali{\`{e}}ge, J-F and Maga, A. and Ide, O.A. and Knudson, K.J. and Mercuri, A.M.
and Stafford, T.W. Jr. and Kaye, T.G. and Giraudi, C. and N'siala, I.M. and Cocca, E.
and Moots, H.M. and Dutheil, D.B. and Stivers, J.P.},
title={Lakeside Cemeteries in the {S}ahara: 
5000 Years of {H}olocene Population and Environmental Change},
journal={PLoS ONE},
year={2008},
volume={3},
pages={e2995}}
  
@Article{siedner1976, 
author={ Siedner,  G.  and  Mitchell,  J.G.},  
year={1976},   
title={Episodic  {M}esozoic  volcanism in  {N}amibia and {B}razil:  A {K}-{A}r isochron study  bearing on
  the  opening of  the  {S}outh {A}tlantic},  
journal={Earth  and Planetary  Science Letters}, 
volume={30}, 
pages={292-302}}
  
@Book{silverman1986, 
author={ Silverman, B.W.},  
year={1986}, 
title={Density  Estimation for  Statistics and
  Data Analysis}, 
publisher={Chapman and Hall, London}, 
pages={175p.}}
  
@Article{sircombe2000, 
author={Sircombe, K.  N.}, 
year={2000}, 
title={Quantitative comparison of large sets of
  geochronological  data  using  multivariate analysis:  A  provenance
  study example  from {A}ustralia}, 
journal={Geochimica et  Cosmochimica Acta}, 
volume={64},
pages={1593-1616}}
  
@Article{sircombe2004,
   author = {{Sircombe}, K.~N. and {Hazelton}, M.~L.},
    title = "{Comparison of detrital zircon age distributions by 
kernel functional estimation}",
  journal = {Sedimentary Geology},
     year = 2004,
   volume = 171,
    pages = {91-111},
      doi = {10.1016/j.sedgeo.2004.05.012},
   adsurl = {http://adsabs.harvard.edu/abs/2004SedG..171...91S},
  adsnote = {Provided by the SAO/NASA Astrophysics Data System}
}

@Article{slama2008, 
author={Sl{\'{a}}ma,  J. and Ko{\v{s}}ler, J. and  Condon, D. J. and Crowley,  J. L. and
  Gerdes, A. and  Hanchar, J.  M. and Horstwood,  M. S.  A. and  Morris, G. A. and
  Nasdala, L. and Norberg, N. and Schaltegger,  U. and Schoene, B. and Tubrett, M. 
  N. and Whitehouse, M. J.},  
year={2008},  
title={Ple{\v{s}}ovice zircon -- A new
  natural reference  material for {U}-{P}b and  {H}f isotopic microanalysis},
journal={Chemical Geology}, 
volume={249}, 
pages={1-35}}

@Article{solanki2004,
  author =	 {{Solanki}, S.~K. and {Usoskin}, I.~G. and {Kromer},
                  B. and {Sch{\"u}ssler}, M. and {Beer}, J.},
    title = "{Unusual activity of the Sun during recent decades compared to the previous 11,000 years}",
  journal = {Nature},
     year = 2004,
   volume = 431,
    pages = {1084-1087},
      doi = {10.1038/nature02995},
   adsurl = {http://adsabs.harvard.edu/abs/2004Natur.431.1084S},
  adsnote = {Provided by the SAO/NASA Astrophysics Data System}
}

@Article{spaggiari2006, 
author={Spaggiari,  R.  I. and Bluck, B.   J. and Ward,  J.   D.}, 
year={2006},   
title={Characteristics of  diamondiferous {P}lio-{P}leistocene
  littoral deposits within the palaeo-{O}range {R}iver mouth, {N}amibia}, 
journal={Ore  Geology Reviews},
volume={28}, 
pages={475-492}}

@Article{staiger2007,
   author = {{Staiger}, J. and {Gosse}, J. and {Toracinta}, R. and {Oglesby}, B. and 
	{Fastook}, J. and {Johnson}, J.~V.},
    title = "{Atmospheric scaling of cosmogenic nuclide production: Climate effect}",
  journal = {Journal of Geophysical Research (Solid Earth)},
     year = 2007,
   volume = 112,
   number = B11,
    pages = {B2205},
      doi = {10.1029/2005JB003811},
   adsurl = {http://adsabs.harvard.edu/abs/2007JGRB..11202205S},
  adsnote = {Provided by the SAO/NASA Astrophysics Data System}
}

@Article{stone2000,
author={Stone, J. O.},
year=2000,
title={Air pressure and cosmogenic isotope production},
journal={Journal of Geophysical Research},
volume=105,
pages={23,753-23,759}}

@Article{strasky2008,
author={Strasky, S.},
year={2008},
title={Glacial response to global climate changes:
cosmogenic nuclide chronologies from high and low
latitudes},
journal={Ph.D. Thesis, ETH-Z\"{u}rich},
volume={No. 17569}}

@Article{tilles1962,
author={Tilles, D.},
year = 1962,
title = "{A Room-Temperature Diffusion Constant for Hydrogen in Proton-irradiated Steel}",
journal = {Nature},
volume = 194,
number = 4835,
pages = {1273-1274},
}

TY  - JOUR
AU  - TILLES, DAVID
TI  - 
JA  - Nature
PY  - 1962/06/30/print
VL  - 194
IS  - 4835
SP  - 1273
EP  - 1274
UR  - http://dx.doi.org/10.1038/1941273a0
M3  - 10.1038/1941273a0
N1  - 10.1038/1941273a0

@Article{titterington1979,
author = {Titterington, D. M. and Halliday, A. N.},
year = 1979, 
title = {On the fitting of parallel isochrons and the method of maximum likelihood}
journal = {Chemical Geology},
volume = 26,
pages = {183-195}
}

@Article{tucker1991,
   author = {{Tucker}, C.~J. and {Dregne}, H.~E. and {Newcomb}, W.~W.},
    title = "{Expansion and Contraction of the Sahara Desert from 1980 to 1990}",
  journal = {Science},
     year = 1991,
    month = jul,
   volume = 253,
    pages = {299-301},
      doi = {10.1126/science.253.5017.299},
   adsurl = {http://adsabs.harvard.edu/abs/1991Sci...253..299T},
  adsnote = {Provided by the SAO/NASA Astrophysics Data System}
}

@Article{vanderwateren2001, 
author={Van  der Wateren, F. M. and Dunai, T. J.},  
year={2001},  
title={Late Neogene
  passive margin denudation  history --cosmogenic isotope measurements
  from the central {N}amib desert},  
journal={Global and Planetary Change},
volume={30}, 
pages={271-307}}

@Article{vermeesch2004, 
author={Vermeesch, P.}, 
year={2004}, 
title={How many grains are needed for a provenance study?},  
journal={Earth and Planetary Science Letters}, 
volume={224}, 
pages={441-451}}

@Article{vermeesch2005,
   author = {{Vermeesch}, P.},
    title = "{Statistical uncertainty associated with histograms in the Earth sciences}",
  journal = {Journal of Geophysical Research (Solid Earth)},
     year = 2005,
   volume = 110,
   number = B9,
      doi = {10.1029/2004JB003479},
   adsurl = {http://adsabs.harvard.edu/abs/2005JGRB..11002211V},
  adsnote = {Provided by the SAO/NASA Astrophysics Data System}
}

@Article{vermeesch2006b,
author={Vermeesch, P.},
title={Multi-method detrital thermochronology of the {G}reat {V}alley 
{G}roup near {N}ew {I}dria ({C}alifornia)},
year=2006,
journal={Geological Society of America Bulletin},
volume=118,
number=1,
pages={210-218}
}

@Article{vermeesch2007a,
   author = {Vermeesch, P.},
    title = "{Quantitative geomorphology of the White Mountains (California) 
using detrital apatite fission track thermochronology}",
  journal = {Journal of Geophysical Research (Earth Surface)},
     year = 2007,
    month = jul,
   volume = 112,
   number = F11,
    pages = {3004-+},
      doi = {10.1029/2006JF000671},
   adsurl = {http://adsabs.harvard.edu/abs/2007JGRF..11203004V},
  adsnote = {Provided by the SAO/NASA Astrophysics Data System}
}

@ARTICLE{vermeesch2007b,
   author = {{Vermeesch}, P. and {Seward}, D. and {Latkoczy}, C. and {Wipf}, M. and 
	{G{\"u}nther}, D. and {Baur}, H.},
    title = "{{$\alpha$}-Emitting mineral inclusions in apatite, 
their effect on (U-Th)/He ages, and how to reduce it}",
  journal = {Geochimica et Cosmochimica Acta},
     year = 2007,
    month = apr,
   volume = 71,
    pages = {1737-1746},
      doi = {10.1016/j.gca.2006.09.020},
   adsurl = {http://adsabs.harvard.edu/abs/2007GeCoA..71.1737V},
  adsnote = {Provided by the SAO/NASA Astrophysics Data System}
}

@ARTICLE{vermeesch2007c,
   author = {{Vermeesch}, P.},
    title = "{CosmoCalc: An Excel add-in for cosmogenic nuclide calculations}",
  journal = {Geochemistry, Geophysics, Geosystems},
     year = 2007,
   volume = 8,
    pages = {8003},
      doi = {10.1029/2006GC001530},
   adsurl = {http://adsabs.harvard.edu/abs/2007GGG.....808003V},
  adsnote = {Provided by the SAO/NASA Astrophysics Data System}
}

@Article{vermeesch2008a,
author = {Vermeesch, P.},
title = {Three new ways to calculate average ({U}-{T}h)/{H}e ages}, 
journal = {Chemical Geology}, 
year = 2008,
volume = {249}, 
pages = {339-347}
}

@Article{vermeesch2008b,
author={Vermeesch, P. and Drake, N.},
year={2008},
title="{Remotely sensed dune celerity and sand flux measurements of the 
world's fastest barchans (Bod{\'e}l{\'e}, Chad)}", 
journal={Geophysical Research Letters}, 
volume={35}, 
number={L24404}, 
doi={doi:10.1029/2008GL035921}}

@Article{vermeesch2009b,
author={Vermeesch, P. and Wiggs, G. and Carter, A. and Duller, D. and Bristow, C.S.}, 
year=2009, 
title={From {O}range to {S}wakop: {T}racing sand migration across the {N}amib sand sea using detrital
zircon {U}-{P}b geochronology},
journal={Earth and Planetary Science Letters}, 
volume={in review}, 
pages={}}

@Article{vermeersch2001,
author={Vermeersch, P.M.},
year=2001,
title={`Out of {A}frica' from an Egyptian point of view},
journal={Quaternary International},
volume=75,
pages=103-112}

@Incollection{walker1979, 
author={Walker, T.R.},  
year={1979}, 
title={Red colour in eolian sand},
boobktitle={A Study of Global Sand Seas, {USGS} {P}rofessional {P}aper 1052},
editor={McKee, E.D.}, 
pages={62-81}}

@Article{ward1988, 
author={Ward, J.D.}, 
year={1988}, 
title={Eolian,  fluvial and pan (playa) facies of the
  {T}ertiary {T}sondab  {S}andstone {F}ormation  in the central  {N}amib desert, {N}amibia}, 
journal={Sedimentary Geology},
volume={55}, 
pages={143-162}}

@Article{warren2007,
   author = {{Warren}, A. and {Chappell}, A. and {Todd}, M.~C. and {Bristow}, C. and 
	{Drake}, N. and {Engelstaedter}, S. and {Martins}, V. and {M'bainayel}, S. and 
	{Washington}, R.},
    title = "{Dust-raising in the dustiest place on earth}",
  journal = {Geomorphology},
     year = 2007,
    month = nov,
   volume = 92,
    pages = {25-37},
      doi = {10.1016/j.geomorph.2007.02.007},
   adsurl = {http://adsabs.harvard.edu/abs/2007Geomo..92...25W},
  adsnote = {Provided by the SAO/NASA Astrophysics Data System}
}

@Article{washington2006,
   author = {{Washington}, R. and {Todd}, M.~C. and {Lizcano}, G. and {Tegen}, I. and 
	{Flamant}, C. and {Koren}, I. and {Ginoux}, P. and {Engelstaedter}, S. and 
	{Bristow}, C.~S. and {Zender}, C.~S. and {Goudie}, A.~S. and 
	{Warren}, A. and {Prospero}, J.~M.},
    title = "{Links between topography, wind, deflation, lakes and dust: The case of the Bod{\'e}l{\'e} Depression, Chad}",
  journal = {Geophysical Research Letters},
     year = 2006,
    month = may,
   volume = 33,
    pages = {9401-+},
      doi = {10.1029/2006GL025827},
   adsurl = {http://adsabs.harvard.edu/abs/2006GeoRL..3309401W},
  adsnote = {Provided by the SAO/NASA Astrophysics Data System}
}

@Article{weislogel2006, 
author={ Weislogel, A.L. and  Graham, S.A. and  Chang, E.Z. and 
Wooden, J.L. and  Gehrels, G.E. and  Yang, H.}, 
year={2006},   
title={Detrital zircon provenance of  the {L}ate {T}riassic  {S}ongpan-{G}anzi complex: Sedimentary
  record of collision of the {N}orth and {S}outh {C}hina blocks},
journal={Geology}, 
volume={34},
pages={97-100}}

@Article{white2007, 
author={White, K. and Walden,  J. and  Gurney, S.D.}, 
year={2007}, 
title={Spectral properties,
  iron oxide content and provenance of {N}amib dune sands}, 
journal={Geomorphology},
volume={86}, 
pages={219-229}}

@book{ziliak2008,
author={Ziliak, S. T. and McCloskey, D. N.}, 
year=2008,
title={The cult of statistical significance: 
how the standard error costs us jobs, justice, and lives}, 
publisher={University of Michigan Press}, 
pages={321p}
}